time,sudden_bid_change_s,sudden_bid_change_f,sudden_ask_change_s,sudden_ask_change_f,quantity_rolled
2025-05-27T12:00:02.766999Z,FALSE,TRUE,FALSE,FALSE,0
2025-05-27T12:00:02.767999Z,FALSE,TRUE,FALSE,FALSE,0
2025-05-27T12:01:45.651999Z,FALSE,TRUE,FALSE,FALSE,0
2025-05-27T12:02:17.365999Z,FALSE,FALSE,FALSE,TRUE,0
2025-05-27T12:02:17.367000Z,FALSE,FALSE,FALSE,TRUE,19.01599999999985
2025-05-27T12:02:17.368000Z,FALSE,FALSE,FALSE,TRUE,19.01599999999985
2025-05-27T12:02:39.085999Z,FALSE,FALSE,FALSE,TRUE,70.30400000000168
2025-05-27T12:02:39.086999Z,FALSE,FALSE,FALSE,TRUE,560.9930000000022
2025-05-27T12:02:39.088000Z,FALSE,FALSE,TRUE,TRUE,611.2880000000032
2025-05-27T12:02:39.088999Z,FALSE,FALSE,FALSE,TRUE,644.3840000000021
2025-05-27T12:02:39.089999Z,FALSE,FALSE,TRUE,TRUE,645.3840000000023
2025-05-27T12:02:39.091000Z,FALSE,FALSE,TRUE,FALSE,645.936000000002
2025-05-27T12:02:39.092000Z,FALSE,FALSE,FALSE,TRUE,647.4660000000026
2025-05-27T12:02:47.142999Z,FALSE,FALSE,FALSE,TRUE,0.1369999999999436
2025-05-27T12:02:47.144999Z,FALSE,FALSE,FALSE,TRUE,85.63699999999994
2025-05-27T12:02:48.042999Z,FALSE,FALSE,FALSE,TRUE,29.500000000000455
2025-05-27T12:02:49.976000Z,FALSE,FALSE,FALSE,TRUE,1.16399999999976
2025-05-27T12:02:50.099999Z,FALSE,FALSE,FALSE,TRUE,0
2025-05-27T12:02:50.368999Z,FALSE,FALSE,FALSE,TRUE,0.75
2025-05-27T12:02:50.369999Z,FALSE,FALSE,FALSE,TRUE,1.794999999999618
2025-05-27T12:02:50.371000Z,FALSE,FALSE,FALSE,TRUE,1.794999999999618
2025-05-27T12:02:50.592000Z,FALSE,TRUE,FALSE,FALSE,0
2025-05-27T12:02:50.592999Z,FALSE,TRUE,FALSE,FALSE,0
2025-05-27T12:02:50.594000Z,FALSE,TRUE,FALSE,FALSE,0
2025-05-27T12:02:50.782000Z,FALSE,FALSE,FALSE,TRUE,0
2025-05-27T12:02:50.782999Z,FALSE,FALSE,FALSE,TRUE,0
2025-05-27T12:02:50.783999Z,FALSE,FALSE,FALSE,TRUE,1.5480000000002292
2025-05-27T12:02:52.026000Z,FALSE,FALSE,FALSE,TRUE,0
2025-05-27T12:02:52.026999Z,FALSE,FALSE,FALSE,TRUE,105
2025-05-27T12:02:52.028000Z,FALSE,FALSE,FALSE,TRUE,105
2025-05-27T12:02:52.032000Z,FALSE,FALSE,FALSE,TRUE,109.35199999999986
2025-05-27T12:02:52.394999Z,FALSE,TRUE,FALSE,FALSE,0
2025-05-27T12:02:52.395999Z,FALSE,TRUE,FALSE,FALSE,0.17200000000002547
2025-05-27T12:02:52.644000Z,FALSE,FALSE,FALSE,TRUE,0
2025-05-27T12:02:52.645999Z,FALSE,FALSE,FALSE,TRUE,0.17200000000002547
2025-05-27T12:02:52.979000Z,FALSE,TRUE,FALSE,FALSE,0
2025-05-27T12:02:52.980000Z,FALSE,TRUE,FALSE,FALSE,0.9679999999998472
2025-05-27T12:02:52.980999Z,FALSE,TRUE,FALSE,FALSE,29.839999999999236
2025-05-27T12:02:53.025000Z,FALSE,FALSE,FALSE,TRUE,0
2025-05-27T12:02:53.026000Z,FALSE,FALSE,FALSE,TRUE,8.019999999999072
2025-05-27T12:02:53.026999Z,FALSE,FALSE,FALSE,TRUE,74.78799999999546
2025-05-27T12:02:53.029000Z,FALSE,FALSE,FALSE,TRUE,153.6879999999951
2025-05-27T12:02:53.029999Z,FALSE,FALSE,TRUE,TRUE,153.6879999999951
2025-05-27T12:02:53.030999Z,FALSE,FALSE,TRUE,TRUE,215.51799999999412
2025-05-27T12:02:53.032000Z,FALSE,FALSE,FALSE,TRUE,215.51799999999412
2025-05-27T12:02:53.477999Z,FALSE,FALSE,FALSE,TRUE,4
2025-05-27T12:02:53.479000Z,FALSE,FALSE,FALSE,TRUE,2
2025-05-27T12:02:55.611000Z,FALSE,FALSE,FALSE,TRUE,164.37400000000116
2025-05-27T12:02:57.868000Z,FALSE,FALSE,FALSE,TRUE,0
2025-05-27T12:02:57.868999Z,FALSE,FALSE,FALSE,TRUE,0.17200000000002547
2025-05-27T12:03:03.586999Z,FALSE,FALSE,FALSE,TRUE,0
2025-05-27T12:03:03.588000Z,FALSE,FALSE,FALSE,TRUE,46.22400000000107
2025-05-27T12:03:03.588999Z,FALSE,FALSE,FALSE,TRUE,46.22400000000107
2025-05-27T12:03:07.549000Z,FALSE,FALSE,FALSE,TRUE,0
2025-05-27T12:03:07.551000Z,FALSE,FALSE,FALSE,TRUE,10
2025-05-27T12:03:07.670000Z,FALSE,FALSE,FALSE,TRUE,0
2025-05-27T12:03:07.671000Z,FALSE,FALSE,FALSE,TRUE,20
2025-05-27T12:03:07.671999Z,FALSE,FALSE,FALSE,TRUE,20
2025-05-27T12:03:08.233000Z,FALSE,FALSE,FALSE,TRUE,0
2025-05-27T12:03:08.234999Z,FALSE,FALSE,FALSE,TRUE,1.9439999999995052
2025-05-27T12:03:09.727999Z,FALSE,TRUE,FALSE,FALSE,0
2025-05-27T12:03:09.729000Z,FALSE,TRUE,FALSE,FALSE,13.5
2025-05-27T12:03:09.730000Z,FALSE,TRUE,FALSE,FALSE,13.844000000000051
2025-05-27T12:03:10.572999Z,FALSE,FALSE,FALSE,TRUE,134.42800000000352
2025-05-27T12:03:10.573999Z,FALSE,FALSE,FALSE,TRUE,135.34400000000278
2025-05-27T12:03:13.025000Z,FALSE,FALSE,TRUE,FALSE,67.89499999999998
2025-05-27T12:03:13.026000Z,FALSE,FALSE,TRUE,FALSE,67.89499999999998
2025-05-27T12:03:13.026999Z,FALSE,FALSE,TRUE,FALSE,67.89499999999998
2025-05-27T12:03:13.029999Z,FALSE,FALSE,FALSE,TRUE,75.89499999999998
2025-05-27T12:03:13.030999Z,FALSE,FALSE,FALSE,TRUE,75.89499999999998
2025-05-27T12:03:40.457000Z,FALSE,FALSE,FALSE,TRUE,0
2025-05-27T12:03:40.457999Z,FALSE,FALSE,FALSE,TRUE,34.754999999998745
2025-05-27T12:03:40.459000Z,FALSE,FALSE,FALSE,TRUE,34.754999999998745
2025-05-27T12:03:55.596999Z,FALSE,FALSE,FALSE,TRUE,0
2025-05-27T12:03:55.598999Z,FALSE,FALSE,FALSE,TRUE,106.85399999999936
2025-05-27T12:04:11.448999Z,FALSE,FALSE,FALSE,TRUE,6.75
2025-05-27T12:04:11.450000Z,FALSE,FALSE,FALSE,TRUE,191.1180000000022
2025-05-27T12:04:11.450999Z,FALSE,FALSE,FALSE,TRUE,191.1180000000022
2025-05-27T12:04:18.693000Z,FALSE,FALSE,FALSE,TRUE,0
2025-05-27T12:04:18.694999Z,FALSE,FALSE,FALSE,TRUE,18.848000000001775
2025-05-27T12:04:48.315999Z,FALSE,FALSE,FALSE,TRUE,11.98700000000008
2025-05-27T12:04:54.959000Z,FALSE,FALSE,FALSE,TRUE,11.967999999998938
2025-05-27T12:04:54.960000Z,FALSE,FALSE,FALSE,TRUE,11.967999999998938
2025-05-27T12:04:54.960999Z,FALSE,FALSE,FALSE,TRUE,12.139999999998508
2025-05-27T12:04:54.961999Z,FALSE,FALSE,FALSE,TRUE,103.86799999999039
2025-05-27T12:04:54.963000Z,FALSE,FALSE,TRUE,FALSE,566.1829999999782
2025-05-27T12:04:54.963999Z,FALSE,FALSE,TRUE,FALSE,877.4149999999854
2025-05-27T12:04:54.964999Z,FALSE,FALSE,TRUE,TRUE,1677.6550000000088
2025-05-27T12:04:54.966000Z,FALSE,FALSE,FALSE,TRUE,1686.583000000016
2025-05-27T12:04:54.967999Z,FALSE,FALSE,TRUE,TRUE,1809.1930000000293
2025-05-27T12:04:56.006999Z,FALSE,FALSE,FALSE,TRUE,35.014999999986685
2025-05-27T12:04:56.007999Z,FALSE,FALSE,FALSE,TRUE,39.014999999986685
2025-05-27T12:04:56.009000Z,FALSE,FALSE,FALSE,TRUE,38.2189999999855
2025-05-27T12:04:56.012000Z,FALSE,FALSE,FALSE,TRUE,153.42499999998654
2025-05-27T12:04:56.013000Z,FALSE,FALSE,FALSE,TRUE,155.0949999999866
2025-05-27T12:04:56.013999Z,FALSE,FALSE,FALSE,TRUE,150.74299999999494
2025-05-27T12:04:56.015000Z,FALSE,FALSE,TRUE,FALSE,152.94299999999294
2025-05-27T12:04:56.016000Z,FALSE,FALSE,TRUE,TRUE,214.9909999999927
2025-05-27T12:04:56.016999Z,FALSE,FALSE,TRUE,FALSE,187.30299999999443
2025-05-27T12:04:56.017999Z,FALSE,FALSE,TRUE,FALSE,183.30299999999443
2025-05-27T12:04:56.019000Z,FALSE,TRUE,TRUE,TRUE,182.32799999999588
2025-05-27T12:04:56.022000Z,FALSE,FALSE,FALSE,TRUE,189.737999999993
2025-05-27T12:04:56.066999Z,FALSE,FALSE,FALSE,TRUE,486.6549999999861
2025-05-27T12:04:56.068000Z,FALSE,FALSE,FALSE,TRUE,503.57099999998627
2025-05-27T12:04:56.069999Z,FALSE,FALSE,TRUE,FALSE,2181.5949999999966
2025-05-27T12:04:56.072000Z,FALSE,FALSE,FALSE,TRUE,2181.194999999997
2025-05-27T12:04:56.073999Z,FALSE,FALSE,FALSE,TRUE,2213.914999999998
2025-05-27T12:04:56.140000Z,FALSE,FALSE,TRUE,FALSE,55.28599999999642
2025-05-27T12:04:56.141000Z,FALSE,FALSE,TRUE,FALSE,57.05699999999706
2025-05-27T12:04:56.141999Z,FALSE,FALSE,TRUE,FALSE,57.05699999999706
2025-05-27T12:04:56.171000Z,FALSE,FALSE,TRUE,FALSE,11.174000000006345
2025-05-27T12:04:56.171999Z,FALSE,FALSE,TRUE,FALSE,11.174000000006345
2025-05-27T12:04:56.233999Z,FALSE,FALSE,TRUE,FALSE,70.7030000000068
2025-05-27T12:04:56.234999Z,FALSE,FALSE,TRUE,FALSE,70.7030000000068
2025-05-27T12:04:56.276000Z,FALSE,FALSE,TRUE,FALSE,42.94000000000233
2025-05-27T12:04:56.467000Z,FALSE,FALSE,TRUE,FALSE,52.8080000000009
2025-05-27T12:04:56.670000Z,TRUE,FALSE,FALSE,FALSE,5.453000000001339
2025-05-27T12:04:56.671000Z,TRUE,FALSE,FALSE,FALSE,17.152000000000044
2025-05-27T12:04:56.671999Z,FALSE,FALSE,TRUE,FALSE,17.152000000000044
2025-05-27T12:04:56.673000Z,FALSE,FALSE,TRUE,FALSE,73.11999999999716
2025-05-27T12:04:56.802000Z,FALSE,TRUE,FALSE,FALSE,19.339000000012675
2025-05-27T12:04:56.803999Z,FALSE,TRUE,FALSE,FALSE,637.1280000000152
2025-05-27T12:04:56.806999Z,TRUE,FALSE,FALSE,FALSE,1125.3730000000378
2025-05-27T12:04:56.808000Z,FALSE,TRUE,FALSE,FALSE,1122.66900000004
2025-05-27T12:04:56.874000Z,FALSE,FALSE,TRUE,TRUE,171.51099999996404
2025-05-27T12:04:56.875000Z,FALSE,FALSE,TRUE,TRUE,171.51099999996404
2025-05-27T12:04:56.875999Z,FALSE,FALSE,TRUE,TRUE,171.51099999996404
2025-05-27T12:04:56.884000Z,FALSE,TRUE,FALSE,FALSE,60.84100000000217
2025-05-27T12:04:56.884999Z,FALSE,TRUE,TRUE,FALSE,68.84100000000217
2025-05-27T12:04:56.885999Z,FALSE,TRUE,FALSE,FALSE,68.84100000000217
2025-05-27T12:04:56.900000Z,FALSE,TRUE,FALSE,FALSE,2.210000000000946
2025-05-27T12:04:56.927000Z,FALSE,TRUE,FALSE,FALSE,0
2025-05-27T12:04:56.927999Z,FALSE,TRUE,FALSE,FALSE,0
2025-05-27T12:04:56.928999Z,FALSE,TRUE,FALSE,FALSE,0
2025-05-27T12:04:56.941999Z,FALSE,TRUE,FALSE,FALSE,6.75
2025-05-27T12:04:56.943000Z,FALSE,TRUE,FALSE,FALSE,9.409999999999854
2025-05-27T12:04:56.980999Z,FALSE,TRUE,FALSE,FALSE,0
2025-05-27T12:04:56.982000Z,FALSE,TRUE,FALSE,FALSE,0.22700000000077125
2025-05-27T12:04:56.983000Z,FALSE,TRUE,FALSE,FALSE,1.757000000001426
2025-05-27T12:04:57.029000Z,FALSE,FALSE,TRUE,FALSE,57.63200000001234
2025-05-27T12:04:57.243000Z,FALSE,TRUE,FALSE,FALSE,0
2025-05-27T12:04:57.243999Z,FALSE,TRUE,FALSE,FALSE,0
2025-05-27T12:04:57.244999Z,FALSE,TRUE,FALSE,FALSE,0.5100000000002183
2025-05-27T12:04:57.246000Z,TRUE,FALSE,FALSE,FALSE,0.5100000000002183
2025-05-27T12:04:57.351999Z,FALSE,TRUE,FALSE,FALSE,0
2025-05-27T12:04:57.352999Z,FALSE,TRUE,FALSE,FALSE,0
2025-05-27T12:04:57.354000Z,FALSE,TRUE,FALSE,FALSE,4.092000000004191
2025-05-27T12:04:57.365999Z,FALSE,FALSE,FALSE,TRUE,2.3259999999991123
2025-05-27T12:04:57.367000Z,FALSE,FALSE,FALSE,TRUE,0
2025-05-27T12:04:57.595000Z,FALSE,TRUE,FALSE,FALSE,0
2025-05-27T12:04:57.595999Z,FALSE,TRUE,FALSE,FALSE,0
2025-05-27T12:04:57.706000Z,FALSE,TRUE,FALSE,FALSE,0
2025-05-27T12:04:57.707000Z,FALSE,TRUE,FALSE,FALSE,0
2025-05-27T12:04:57.707999Z,FALSE,TRUE,FALSE,FALSE,0
2025-05-27T12:04:57.815000Z,FALSE,TRUE,FALSE,FALSE,0
2025-05-27T12:04:57.815999Z,FALSE,TRUE,FALSE,FALSE,26.19999999999709
2025-05-27T12:04:57.816999Z,FALSE,TRUE,FALSE,FALSE,27.054999999998472
2025-05-27T12:04:58.022000Z,FALSE,FALSE,FALSE,TRUE,0
2025-05-27T12:04:58.023000Z,FALSE,TRUE,FALSE,TRUE,156
2025-05-27T12:04:58.023999Z,FALSE,TRUE,FALSE,TRUE,158.05200000000332
2025-05-27T12:04:58.025000Z,FALSE,TRUE,FALSE,TRUE,458.0400000000391
2025-05-27T12:04:58.026000Z,FALSE,FALSE,TRUE,FALSE,773.0040000000281
2025-05-27T12:04:58.026999Z,FALSE,FALSE,TRUE,TRUE,799.6840000000284
2025-05-27T12:04:58.028000Z,FALSE,FALSE,TRUE,TRUE,1038.144000000042
2025-05-27T12:04:58.032999Z,FALSE,FALSE,TRUE,FALSE,896.0450000000419
2025-05-27T12:04:58.033999Z,FALSE,FALSE,FALSE,TRUE,893.9930000000386
2025-05-27T12:04:58.049999Z,FALSE,TRUE,FALSE,FALSE,60.600000000000364
2025-05-27T12:04:58.051000Z,FALSE,TRUE,FALSE,FALSE,60.600000000000364
2025-05-27T12:04:58.069000Z,FALSE,FALSE,FALSE,TRUE,195.9440000000086
2025-05-27T12:04:58.069999Z,FALSE,FALSE,FALSE,TRUE,184.15500000000793
2025-05-27T12:04:58.071000Z,FALSE,FALSE,FALSE,TRUE,184.15500000000793
2025-05-27T12:04:58.095000Z,FALSE,FALSE,FALSE,TRUE,47.383999999998196
2025-05-27T12:04:58.098999Z,FALSE,FALSE,FALSE,TRUE,49.22399999999834
2025-05-27T12:04:58.112999Z,FALSE,FALSE,FALSE,TRUE,125.20600000000923
2025-05-27T12:04:58.114000Z,FALSE,FALSE,FALSE,TRUE,207.89400000001842
2025-05-27T12:04:58.115000Z,FALSE,FALSE,FALSE,TRUE,207.89400000001842
2025-05-27T12:04:58.141999Z,FALSE,FALSE,FALSE,TRUE,0.5130000000008295
2025-05-27T12:04:58.142999Z,FALSE,FALSE,FALSE,TRUE,6.707000000000335
2025-05-27T12:04:58.174999Z,FALSE,FALSE,FALSE,TRUE,0.4000000000014552
2025-05-27T12:04:58.789000Z,FALSE,TRUE,FALSE,FALSE,12.42899999999463
2025-05-27T12:04:58.789999Z,FALSE,TRUE,FALSE,FALSE,12.42899999999463
2025-05-27T12:04:58.790999Z,FALSE,TRUE,FALSE,FALSE,12.42899999999463
2025-05-27T12:04:59.022000Z,FALSE,FALSE,FALSE,TRUE,33
2025-05-27T12:04:59.023000Z,FALSE,FALSE,FALSE,TRUE,365.5
2025-05-27T12:04:59.023999Z,FALSE,FALSE,FALSE,TRUE,752.0680000000575
2025-05-27T12:04:59.025000Z,FALSE,FALSE,TRUE,TRUE,2189.206000000064
2025-05-27T12:04:59.026000Z,FALSE,FALSE,TRUE,TRUE,2522.2730000000265
2025-05-27T12:04:59.026999Z,FALSE,TRUE,TRUE,TRUE,6557.855000000036
2025-05-27T12:04:59.028000Z,FALSE,TRUE,TRUE,FALSE,8687.95399999998
2025-05-27T12:04:59.029000Z,FALSE,TRUE,TRUE,TRUE,9400.916000000052
2025-05-27T12:04:59.029999Z,FALSE,TRUE,TRUE,TRUE,10862.551999999876
2025-05-27T12:04:59.030999Z,FALSE,TRUE,TRUE,TRUE,11743.271999999877
2025-05-27T12:04:59.032000Z,FALSE,FALSE,TRUE,FALSE,11950.247999999829
2025-05-27T12:04:59.032999Z,FALSE,FALSE,TRUE,FALSE,11634.449999999833
2025-05-27T12:04:59.033999Z,FALSE,FALSE,TRUE,FALSE,11301.578999999765
2025-05-27T12:04:59.035000Z,FALSE,FALSE,TRUE,FALSE,9924.528999999755
2025-05-27T12:04:59.036000Z,FALSE,FALSE,TRUE,FALSE,9673.44599999973
2025-05-27T12:04:59.036999Z,FALSE,FALSE,TRUE,FALSE,5939.933999999706
2025-05-27T12:04:59.042999Z,FALSE,FALSE,FALSE,TRUE,764.4949999999008
2025-05-27T12:04:59.043999Z,FALSE,FALSE,FALSE,TRUE,928.5259999999143
2025-05-27T12:04:59.049999Z,TRUE,FALSE,TRUE,FALSE,444.1459999999752
2025-05-27T12:04:59.051000Z,TRUE,FALSE,FALSE,TRUE,631.6519999999546
2025-05-27T12:04:59.052000Z,TRUE,FALSE,FALSE,FALSE,624.5799999999545
2025-05-27T12:04:59.055000Z,FALSE,FALSE,TRUE,FALSE,368.8719999999521
2025-05-27T12:04:59.055999Z,FALSE,FALSE,TRUE,FALSE,368.8719999999521
2025-05-27T12:04:59.059000Z,FALSE,FALSE,FALSE,TRUE,321.49599999995553
2025-05-27T12:04:59.062000Z,FALSE,TRUE,FALSE,FALSE,10.503999999986263
2025-05-27T12:04:59.069999Z,FALSE,FALSE,FALSE,TRUE,49.43399999999747
2025-05-27T12:04:59.072000Z,FALSE,FALSE,TRUE,FALSE,216.58899999996356
2025-05-27T12:04:59.072999Z,FALSE,FALSE,TRUE,TRUE,216.58899999996356
2025-05-27T12:04:59.073999Z,FALSE,FALSE,TRUE,TRUE,256.66899999992165
2025-05-27T12:04:59.075000Z,FALSE,FALSE,TRUE,TRUE,216.16899999992165
2025-05-27T12:04:59.075999Z,FALSE,FALSE,TRUE,TRUE,264.5829999999187
2025-05-27T12:04:59.076999Z,FALSE,FALSE,TRUE,TRUE,264.5829999999187
2025-05-27T12:04:59.078000Z,FALSE,FALSE,FALSE,TRUE,265.7829999999012
2025-05-27T12:04:59.081000Z,FALSE,FALSE,FALSE,TRUE,267.01099999990765
2025-05-27T12:04:59.085000Z,FALSE,FALSE,FALSE,TRUE,90.33999999996377
2025-05-27T12:04:59.092000Z,FALSE,TRUE,FALSE,FALSE,38.8879999999881
2025-05-27T12:04:59.092999Z,FALSE,TRUE,FALSE,FALSE,95.81799999998111
2025-05-27T12:04:59.094000Z,FALSE,TRUE,FALSE,FALSE,136.3819999999796
2025-05-27T12:04:59.098000Z,TRUE,FALSE,FALSE,TRUE,293.71100000000297
2025-05-27T12:04:59.098999Z,TRUE,FALSE,FALSE,FALSE,293.51100000000224
2025-05-27T12:04:59.099999Z,TRUE,FALSE,FALSE,FALSE,321.69099999999526
2025-05-27T12:04:59.101000Z,FALSE,FALSE,TRUE,FALSE,321.69099999999526
2025-05-27T12:04:59.101999Z,FALSE,FALSE,TRUE,FALSE,321.09300000000076
2025-05-27T12:04:59.112999Z,TRUE,FALSE,FALSE,FALSE,43.93999999999869
2025-05-27T12:04:59.114000Z,TRUE,FALSE,FALSE,FALSE,45.34000000000378
2025-05-27T12:04:59.115000Z,TRUE,FALSE,FALSE,FALSE,59.127000000004045
2025-05-27T12:04:59.125000Z,FALSE,FALSE,FALSE,TRUE,41.32999999999811
2025-05-27T12:04:59.131999Z,FALSE,TRUE,FALSE,FALSE,70.93199999999342
2025-05-27T12:04:59.132999Z,FALSE,TRUE,FALSE,FALSE,70.93199999999342
2025-05-27T12:04:59.134000Z,FALSE,TRUE,FALSE,FALSE,72.0719999999892
2025-05-27T12:04:59.138999Z,TRUE,FALSE,FALSE,FALSE,262.71399999995265
2025-05-27T12:04:59.141999Z,TRUE,FALSE,FALSE,FALSE,307.5159999999487
2025-05-27T12:04:59.142999Z,TRUE,FALSE,FALSE,FALSE,307.5159999999487
2025-05-27T12:04:59.144999Z,FALSE,TRUE,FALSE,FALSE,322.67999999993845
2025-05-27T12:04:59.187999Z,FALSE,TRUE,FALSE,FALSE,7.417999999997846
2025-05-27T12:04:59.188999Z,FALSE,TRUE,FALSE,FALSE,7.417999999997846
2025-05-27T12:04:59.194000Z,TRUE,FALSE,FALSE,FALSE,8.187999999994645
2025-05-27T12:04:59.196000Z,FALSE,FALSE,TRUE,FALSE,37.66299999999683
2025-05-27T12:04:59.197000Z,FALSE,FALSE,TRUE,FALSE,30.414999999997235
2025-05-27T12:04:59.197999Z,FALSE,FALSE,TRUE,FALSE,33.498999999985244
2025-05-27T12:04:59.198999Z,FALSE,FALSE,TRUE,FALSE,33.498999999985244
2025-05-27T12:04:59.311000Z,TRUE,FALSE,FALSE,FALSE,1.5999999999985448
2025-05-27T12:04:59.325999Z,TRUE,FALSE,FALSE,FALSE,1.1709999999984575
2025-05-27T12:04:59.335999Z,FALSE,TRUE,FALSE,FALSE,13.841999999989639
2025-05-27T12:04:59.336999Z,FALSE,TRUE,FALSE,FALSE,13.841999999989639
2025-05-27T12:04:59.361000Z,TRUE,FALSE,FALSE,FALSE,75.61799999999857
2025-05-27T12:04:59.450999Z,FALSE,FALSE,FALSE,TRUE,0
2025-05-27T12:04:59.451999Z,FALSE,FALSE,FALSE,TRUE,6.25800000000163
2025-05-27T12:04:59.479000Z,FALSE,FALSE,FALSE,TRUE,2
2025-05-27T12:04:59.480999Z,FALSE,FALSE,FALSE,TRUE,0.5129999999953725
2025-05-27T12:04:59.484999Z,FALSE,FALSE,FALSE,TRUE,0.5129999999953725
2025-05-27T12:04:59.528000Z,FALSE,FALSE,FALSE,TRUE,3.352999999999156
2025-05-27T12:04:59.529000Z,FALSE,FALSE,FALSE,TRUE,3.694999999996071
2025-05-27T12:04:59.540999Z,FALSE,FALSE,FALSE,TRUE,11.170999999991182
2025-05-27T12:04:59.855999Z,FALSE,FALSE,TRUE,FALSE,0.5999999999985448
2025-05-27T12:04:59.940999Z,FALSE,TRUE,FALSE,FALSE,3.367999999998574
2025-05-27T12:04:59.941999Z,FALSE,TRUE,FALSE,FALSE,11.367999999998574
2025-05-27T12:04:59.943000Z,FALSE,TRUE,FALSE,FALSE,12.393999999989319
2025-05-27T12:04:59.947000Z,FALSE,TRUE,FALSE,FALSE,9.36799999998766
2025-05-27T12:05:00.155999Z,FALSE,TRUE,FALSE,FALSE,9.933999999997468
2025-05-27T12:05:00.157000Z,FALSE,TRUE,FALSE,FALSE,5.691999999999098
2025-05-27T12:05:00.157999Z,FALSE,TRUE,FALSE,FALSE,5.862999999997555
2025-05-27T12:05:00.160000Z,FALSE,TRUE,FALSE,FALSE,557.9649999999165
2025-05-27T12:05:00.161999Z,TRUE,FALSE,FALSE,FALSE,1060.4049999999042
2025-05-27T12:05:00.163000Z,TRUE,FALSE,FALSE,FALSE,1073.5329999999049
2025-05-27T12:05:00.691999Z,FALSE,FALSE,FALSE,TRUE,4
2025-05-27T12:05:00.693000Z,FALSE,FALSE,FALSE,TRUE,4.74199999999837
2025-05-27T12:05:00.694000Z,FALSE,FALSE,FALSE,TRUE,4.74199999999837
2025-05-27T12:05:00.696000Z,FALSE,FALSE,FALSE,TRUE,4.74199999999837
2025-05-27T12:05:00.697000Z,FALSE,FALSE,FALSE,TRUE,4.74199999999837
2025-05-27T12:05:01.368000Z,FALSE,TRUE,FALSE,FALSE,0
2025-05-27T12:05:01.368999Z,FALSE,TRUE,FALSE,FALSE,0
2025-05-27T12:05:01.369999Z,FALSE,TRUE,FALSE,FALSE,0
2025-05-27T12:05:01.861999Z,FALSE,FALSE,TRUE,FALSE,0
2025-05-27T12:05:01.867000Z,FALSE,FALSE,TRUE,FALSE,0
2025-05-27T12:05:01.869999Z,FALSE,FALSE,TRUE,FALSE,58.123999999999796
2025-05-27T12:05:01.872999Z,FALSE,FALSE,FALSE,TRUE,397.79899999998815
2025-05-27T12:05:01.874000Z,FALSE,FALSE,FALSE,TRUE,430.19899999997506
2025-05-27T12:05:01.875000Z,TRUE,FALSE,FALSE,FALSE,430.7989999999736
2025-05-27T12:05:03.410000Z,FALSE,FALSE,FALSE,TRUE,0.4110000000000582
2025-05-27T12:05:03.411000Z,FALSE,FALSE,FALSE,TRUE,2.752999999996973
2025-05-27T12:05:03.411999Z,FALSE,FALSE,FALSE,TRUE,2.752999999996973
2025-05-27T12:05:03.428999Z,FALSE,FALSE,FALSE,TRUE,0
2025-05-27T12:05:03.430999Z,FALSE,FALSE,FALSE,TRUE,2
2025-05-27T12:05:03.569000Z,FALSE,FALSE,FALSE,TRUE,0.22699999999895226
2025-05-27T12:05:03.569999Z,FALSE,FALSE,FALSE,TRUE,87.14699999998993
2025-05-27T12:05:03.571000Z,FALSE,FALSE,FALSE,TRUE,87.83099999998376
2025-05-27T12:05:03.581000Z,FALSE,FALSE,FALSE,TRUE,388.8779999999133
2025-05-27T12:05:03.704999Z,FALSE,FALSE,TRUE,FALSE,17.657999999988533
2025-05-27T12:05:03.992000Z,FALSE,FALSE,FALSE,TRUE,0
2025-05-27T12:05:03.993999Z,FALSE,FALSE,FALSE,TRUE,42.82399999999325
2025-05-27T12:05:03.994999Z,FALSE,FALSE,FALSE,TRUE,42.82399999999325
2025-05-27T12:05:04.815000Z,TRUE,FALSE,FALSE,FALSE,1.1159999999981665
2025-05-27T12:05:04.816999Z,TRUE,FALSE,FALSE,FALSE,1.1159999999981665
2025-05-27T12:05:05.151000Z,FALSE,TRUE,FALSE,FALSE,0
2025-05-27T12:05:05.151999Z,FALSE,TRUE,FALSE,FALSE,49.92999999998574
2025-05-27T12:05:05.153000Z,FALSE,TRUE,FALSE,FALSE,49.92999999998574
2025-05-27T12:05:05.255000Z,FALSE,FALSE,FALSE,TRUE,0
2025-05-27T12:05:05.256000Z,FALSE,FALSE,FALSE,TRUE,13.5
2025-05-27T12:05:05.256999Z,FALSE,FALSE,FALSE,TRUE,13.5
2025-05-27T12:05:05.257999Z,FALSE,FALSE,FALSE,TRUE,13.5
2025-05-27T12:05:05.594000Z,FALSE,TRUE,FALSE,FALSE,0
2025-05-27T12:05:05.595000Z,FALSE,TRUE,FALSE,FALSE,15.360000000000582
2025-05-27T12:05:05.595999Z,FALSE,TRUE,FALSE,FALSE,15.360000000000582
2025-05-27T12:05:05.596999Z,FALSE,TRUE,FALSE,FALSE,15.360000000000582
2025-05-27T12:05:05.963000Z,FALSE,TRUE,FALSE,FALSE,0
2025-05-27T12:05:05.964999Z,FALSE,TRUE,FALSE,FALSE,0
2025-05-27T12:05:07.084000Z,FALSE,FALSE,FALSE,TRUE,0
2025-05-27T12:05:07.085000Z,FALSE,FALSE,FALSE,TRUE,0
2025-05-27T12:05:07.085999Z,FALSE,FALSE,FALSE,TRUE,14.375
2025-05-27T12:05:07.086999Z,FALSE,FALSE,FALSE,TRUE,14.375
2025-05-27T12:05:07.348000Z,FALSE,TRUE,FALSE,FALSE,0
2025-05-27T12:05:07.348999Z,FALSE,TRUE,FALSE,FALSE,1.1369999999988067
2025-05-27T12:05:07.349999Z,FALSE,TRUE,FALSE,FALSE,3.1369999999988067
2025-05-27T12:05:07.634000Z,FALSE,TRUE,FALSE,FALSE,0
2025-05-27T12:05:07.634999Z,FALSE,TRUE,FALSE,FALSE,0
2025-05-27T12:05:07.933000Z,FALSE,FALSE,FALSE,TRUE,0
2025-05-27T12:05:07.934000Z,FALSE,FALSE,FALSE,TRUE,30
2025-05-27T12:05:07.934999Z,FALSE,FALSE,FALSE,TRUE,30
2025-05-27T12:05:08.069000Z,FALSE,FALSE,FALSE,TRUE,8.75
2025-05-27T12:05:08.069999Z,FALSE,FALSE,FALSE,TRUE,49.01799999999639
2025-05-27T12:05:08.071000Z,FALSE,FALSE,TRUE,TRUE,161.52399999999034
2025-05-27T12:05:08.072000Z,FALSE,FALSE,TRUE,FALSE,269.05599999999686
2025-05-27T12:05:08.072999Z,FALSE,FALSE,TRUE,FALSE,1718.6259999998874
2025-05-27T12:05:08.073999Z,FALSE,FALSE,TRUE,FALSE,1742.6259999998874
2025-05-27T12:05:08.075999Z,FALSE,FALSE,TRUE,TRUE,1764.8259999998263
2025-05-27T12:05:08.076999Z,FALSE,FALSE,TRUE,TRUE,1776.4459999997998
2025-05-27T12:05:08.078000Z,FALSE,FALSE,TRUE,FALSE,1776.4459999997998
2025-05-27T12:05:08.078999Z,FALSE,FALSE,TRUE,FALSE,1767.6959999997998
2025-05-27T12:05:08.079999Z,FALSE,FALSE,TRUE,FALSE,1741.3239999998113
2025-05-27T12:05:08.084000Z,FALSE,FALSE,TRUE,FALSE,107.48099999989063
2025-05-27T12:05:08.099999Z,FALSE,TRUE,FALSE,FALSE,261.2099999999773
2025-05-27T12:05:08.111999Z,TRUE,FALSE,FALSE,FALSE,25.234000000011292
2025-05-27T12:05:08.115999Z,TRUE,FALSE,FALSE,FALSE,55.894000000014785
2025-05-27T12:05:08.223000Z,TRUE,FALSE,FALSE,FALSE,76.54100000001199
2025-05-27T12:05:08.223999Z,TRUE,FALSE,FALSE,FALSE,76.54100000001199
2025-05-27T12:05:08.224999Z,TRUE,FALSE,TRUE,FALSE,76.54100000001199
2025-05-27T12:05:08.226000Z,FALSE,TRUE,TRUE,FALSE,81.34100000002945
2025-05-27T12:05:08.226999Z,FALSE,FALSE,TRUE,FALSE,87.34100000002945
2025-05-27T12:05:08.227999Z,FALSE,TRUE,FALSE,FALSE,87.34100000002945
2025-05-27T12:05:08.230000Z,FALSE,FALSE,TRUE,FALSE,87.34100000002945
2025-05-27T12:05:08.257999Z,FALSE,FALSE,FALSE,TRUE,13.535999999992782
2025-05-27T12:05:08.908999Z,FALSE,FALSE,FALSE,TRUE,0
2025-05-27T12:05:08.910000Z,FALSE,FALSE,FALSE,TRUE,8
2025-05-27T12:05:08.911000Z,FALSE,FALSE,FALSE,TRUE,8
2025-05-27T12:05:10.966000Z,FALSE,TRUE,FALSE,FALSE,0
2025-05-27T12:05:10.967000Z,FALSE,TRUE,FALSE,FALSE,20.25
2025-05-27T12:05:10.967999Z,FALSE,TRUE,FALSE,FALSE,22.986000000033528
2025-05-27T12:05:11.026999Z,FALSE,FALSE,FALSE,TRUE,0
2025-05-27T12:05:11.028000Z,FALSE,FALSE,FALSE,TRUE,45
2025-05-27T12:05:11.029000Z,FALSE,FALSE,FALSE,TRUE,51.780000000071595
2025-05-27T12:05:11.029999Z,FALSE,FALSE,TRUE,TRUE,1616.2399999998306
2025-05-27T12:05:11.030999Z,FALSE,FALSE,TRUE,TRUE,4707.719999999928
2025-05-27T12:05:11.032000Z,FALSE,FALSE,TRUE,FALSE,5046.58999999988
2025-05-27T12:05:11.032999Z,FALSE,FALSE,TRUE,TRUE,5243.7199999998775
2025-05-27T12:05:11.033999Z,FALSE,FALSE,FALSE,TRUE,5332.829999999878
2025-05-27T12:05:11.036000Z,FALSE,FALSE,TRUE,FALSE,5411.389999999876
2025-05-27T12:05:11.038000Z,FALSE,FALSE,TRUE,FALSE,5366.389999999876
2025-05-27T12:05:11.040999Z,FALSE,FALSE,FALSE,TRUE,704.8699999999444
2025-05-27T12:05:11.042000Z,FALSE,FALSE,FALSE,TRUE,365.9999999999927
2025-05-27T12:05:11.053999Z,FALSE,TRUE,FALSE,FALSE,17.20300000000134
2025-05-27T12:05:11.062000Z,FALSE,FALSE,TRUE,FALSE,36.02400000001944
2025-05-27T12:05:11.075999Z,FALSE,FALSE,TRUE,TRUE,28.323999999993248
2025-05-27T12:05:11.076999Z,FALSE,FALSE,FALSE,TRUE,32.32399999999325
2025-05-27T12:05:11.078000Z,FALSE,FALSE,FALSE,TRUE,48.0619999999908
2025-05-27T12:05:11.079999Z,FALSE,FALSE,FALSE,TRUE,48.0619999999908
2025-05-27T12:05:11.081000Z,FALSE,FALSE,FALSE,TRUE,46.661999999996624
2025-05-27T12:05:11.086999Z,FALSE,FALSE,FALSE,TRUE,18.754000000015367
2025-05-27T12:05:11.088000Z,FALSE,FALSE,FALSE,TRUE,3.0160000000178115
2025-05-27T12:05:11.194000Z,FALSE,TRUE,FALSE,FALSE,0
2025-05-27T12:05:11.194999Z,FALSE,TRUE,FALSE,FALSE,0
2025-05-27T12:05:11.565999Z,FALSE,FALSE,FALSE,TRUE,0
2025-05-27T12:05:11.568000Z,FALSE,FALSE,FALSE,TRUE,0
2025-05-27T12:05:11.956000Z,FALSE,TRUE,FALSE,FALSE,0
2025-05-27T12:05:11.957000Z,FALSE,TRUE,FALSE,FALSE,7.5
2025-05-27T12:05:11.957999Z,FALSE,TRUE,FALSE,FALSE,8
2025-05-27T12:05:11.961999Z,FALSE,TRUE,FALSE,FALSE,8
2025-05-27T12:05:12.128000Z,FALSE,FALSE,FALSE,TRUE,0
2025-05-27T12:05:12.130000Z,FALSE,FALSE,FALSE,TRUE,3.444000000003143
2025-05-27T12:05:12.148999Z,FALSE,FALSE,FALSE,TRUE,2
2025-05-27T12:05:12.150000Z,FALSE,FALSE,FALSE,TRUE,2
2025-05-27T12:05:12.151000Z,FALSE,FALSE,FALSE,TRUE,36.67999999993481
2025-05-27T12:05:12.153000Z,FALSE,FALSE,FALSE,TRUE,45.91699999992852
2025-05-27T12:05:12.154000Z,FALSE,FALSE,TRUE,TRUE,69.07999999994354
2025-05-27T12:05:12.157000Z,FALSE,FALSE,FALSE,TRUE,67.07999999994354
2025-05-27T12:05:12.180999Z,FALSE,FALSE,FALSE,TRUE,8
2025-05-27T12:05:12.183000Z,FALSE,FALSE,FALSE,TRUE,8
2025-05-27T12:05:12.696000Z,FALSE,TRUE,FALSE,FALSE,12.110999999997148
2025-05-27T12:05:12.697000Z,FALSE,TRUE,FALSE,FALSE,19.610999999997148
2025-05-27T12:05:12.697999Z,TRUE,TRUE,FALSE,FALSE,73.55100000002858
2025-05-27T12:05:12.698999Z,TRUE,TRUE,FALSE,FALSE,94.57900000003428
2025-05-27T12:05:12.878999Z,FALSE,TRUE,FALSE,FALSE,0
2025-05-27T12:05:12.880000Z,FALSE,TRUE,FALSE,FALSE,0
2025-05-27T12:05:12.881000Z,FALSE,TRUE,FALSE,FALSE,10
2025-05-27T12:05:12.901000Z,FALSE,TRUE,FALSE,FALSE,0
2025-05-27T12:05:12.901999Z,FALSE,TRUE,FALSE,FALSE,8
2025-05-27T12:05:12.903000Z,FALSE,TRUE,FALSE,FALSE,8
2025-05-27T12:05:15.161000Z,FALSE,TRUE,FALSE,FALSE,0
2025-05-27T12:05:15.562999Z,FALSE,FALSE,FALSE,TRUE,4
2025-05-27T12:05:15.563999Z,FALSE,FALSE,FALSE,TRUE,4
2025-05-27T12:05:15.565000Z,FALSE,FALSE,FALSE,TRUE,4
2025-05-27T12:05:17.890000Z,FALSE,FALSE,FALSE,TRUE,0
2025-05-27T12:05:17.891000Z,FALSE,FALSE,FALSE,TRUE,20
2025-05-27T12:05:17.891999Z,FALSE,FALSE,FALSE,TRUE,20
2025-05-27T12:05:17.892999Z,FALSE,FALSE,FALSE,TRUE,20
2025-05-27T12:05:18.105000Z,FALSE,TRUE,FALSE,FALSE,0
2025-05-27T12:05:18.105999Z,FALSE,TRUE,FALSE,FALSE,4.309999999997672
2025-05-27T12:05:18.107000Z,FALSE,TRUE,FALSE,FALSE,4.309999999997672
2025-05-27T12:05:24.375000Z,FALSE,TRUE,FALSE,FALSE,0
2025-05-27T12:05:24.375999Z,FALSE,TRUE,FALSE,FALSE,0
2025-05-27T12:05:24.377000Z,FALSE,TRUE,FALSE,FALSE,2.463999999978114
2025-05-27T12:05:24.631000Z,FALSE,TRUE,FALSE,FALSE,0
2025-05-27T12:05:24.631999Z,FALSE,TRUE,FALSE,FALSE,114.79999999998836
2025-05-27T12:05:24.632999Z,FALSE,TRUE,FALSE,FALSE,114.79999999998836
2025-05-27T12:05:24.634999Z,TRUE,TRUE,FALSE,FALSE,115.05099999998492
2025-05-27T12:05:24.822000Z,TRUE,FALSE,FALSE,FALSE,23.491000000001804
2025-05-27T12:05:24.822999Z,TRUE,FALSE,FALSE,FALSE,23.491000000001804
2025-05-27T12:05:24.823999Z,TRUE,FALSE,FALSE,FALSE,23.491000000001804
2025-05-27T12:05:25.101000Z,FALSE,FALSE,TRUE,FALSE,0
2025-05-27T12:05:25.114000Z,FALSE,FALSE,FALSE,TRUE,0
2025-05-27T12:05:25.115000Z,FALSE,FALSE,FALSE,TRUE,2.5720000000001164
2025-05-27T12:05:25.115999Z,FALSE,FALSE,FALSE,TRUE,51.57200000001467
2025-05-27T12:05:25.118000Z,FALSE,FALSE,TRUE,FALSE,197.3660000000309
2025-05-27T12:05:25.118999Z,FALSE,FALSE,TRUE,FALSE,748.4700000000812
2025-05-27T12:05:25.119999Z,FALSE,FALSE,TRUE,FALSE,1100.122000000316
2025-05-27T12:05:25.122999Z,FALSE,FALSE,TRUE,FALSE,1540.9420000004102
2025-05-27T12:05:27.137000Z,FALSE,TRUE,FALSE,FALSE,0
2025-05-27T12:05:27.138000Z,FALSE,TRUE,FALSE,FALSE,0.22699999999895226
2025-05-27T12:05:27.138999Z,FALSE,TRUE,FALSE,FALSE,0.22699999999895226
2025-05-27T12:05:27.140000Z,FALSE,FALSE,FALSE,TRUE,1.5869999999849824
2025-05-27T12:05:29.151000Z,FALSE,FALSE,FALSE,TRUE,0
2025-05-27T12:05:29.151999Z,FALSE,FALSE,FALSE,TRUE,0
2025-05-27T12:05:29.153000Z,FALSE,FALSE,FALSE,TRUE,73.61000000000786
2025-05-27T12:05:29.154999Z,FALSE,FALSE,TRUE,FALSE,77.68999999996595
2025-05-27T12:05:29.155999Z,FALSE,FALSE,TRUE,FALSE,78.02999999996246
2025-05-27T12:05:29.157000Z,FALSE,FALSE,TRUE,FALSE,97.44099999996251
2025-05-27T12:05:35.447999Z,FALSE,FALSE,FALSE,TRUE,0
2025-05-27T12:05:35.448999Z,FALSE,FALSE,FALSE,TRUE,80.28900000001886
2025-05-27T12:05:35.450000Z,FALSE,FALSE,FALSE,TRUE,80.28900000001886
2025-05-27T12:05:36.276000Z,FALSE,TRUE,FALSE,FALSE,21.179999999993015
2025-05-27T12:05:36.276999Z,FALSE,TRUE,FALSE,FALSE,21.179999999993015
2025-05-27T12:05:36.278000Z,FALSE,TRUE,FALSE,FALSE,21.179999999993015
2025-05-27T12:05:36.279999Z,FALSE,TRUE,FALSE,FALSE,21.85999999998603
2025-05-27T12:05:36.280999Z,FALSE,TRUE,FALSE,FALSE,21.85999999998603
2025-05-27T12:05:37.617000Z,FALSE,FALSE,FALSE,TRUE,0
2025-05-27T12:05:37.618999Z,FALSE,FALSE,FALSE,TRUE,8
2025-05-27T12:05:37.619999Z,FALSE,FALSE,FALSE,TRUE,14.631000000001222
2025-05-27T12:05:38.461999Z,TRUE,FALSE,FALSE,FALSE,145.32600000000093
2025-05-27T12:05:45.339999Z,FALSE,TRUE,FALSE,FALSE,0
2025-05-27T12:05:45.342000Z,FALSE,TRUE,FALSE,FALSE,6
2025-05-27T12:05:45.938999Z,TRUE,FALSE,FALSE,FALSE,7.430999999996857
2025-05-27T12:05:48.841000Z,TRUE,TRUE,FALSE,FALSE,38.013000000006286
2025-05-27T12:05:48.842000Z,TRUE,TRUE,FALSE,FALSE,44.822999999974854
2025-05-27T12:05:48.842999Z,TRUE,TRUE,FALSE,FALSE,117.7949999999546
2025-05-27T12:05:48.845000Z,TRUE,TRUE,FALSE,FALSE,212.92499999993015
2025-05-27T12:05:50.286999Z,FALSE,TRUE,FALSE,FALSE,0
2025-05-27T12:05:50.288000Z,FALSE,TRUE,FALSE,FALSE,2
2025-05-27T12:05:51.588000Z,TRUE,FALSE,FALSE,FALSE,0.907999999995809
2025-05-27T12:06:01.430999Z,FALSE,TRUE,FALSE,FALSE,0
2025-05-27T12:06:01.433000Z,FALSE,TRUE,FALSE,FALSE,157.716000000044
2025-05-27T12:06:07.621000Z,FALSE,FALSE,FALSE,TRUE,0
2025-05-27T12:06:07.621999Z,FALSE,FALSE,FALSE,TRUE,43.735000000015134
2025-05-27T12:06:07.622999Z,FALSE,FALSE,FALSE,TRUE,43.735000000015134
2025-05-27T12:06:11.414000Z,FALSE,TRUE,FALSE,FALSE,12
2025-05-27T12:06:11.414999Z,FALSE,TRUE,FALSE,FALSE,12
2025-05-27T12:06:11.415999Z,FALSE,TRUE,FALSE,FALSE,12
2025-05-27T12:06:15.831000Z,FALSE,FALSE,TRUE,FALSE,16.356000000007043
2025-05-27T12:06:15.832999Z,FALSE,FALSE,TRUE,FALSE,16.356000000007043
2025-05-27T12:06:20.864000Z,FALSE,FALSE,TRUE,FALSE,0
2025-05-27T12:06:36.075000Z,TRUE,FALSE,FALSE,FALSE,7.202000000004773
2025-05-27T12:06:37.720999Z,FALSE,FALSE,FALSE,TRUE,0
2025-05-27T12:06:37.721999Z,FALSE,FALSE,FALSE,TRUE,61.25
2025-05-27T12:06:37.723000Z,FALSE,FALSE,FALSE,TRUE,61.25
2025-05-27T12:06:41.914000Z,FALSE,FALSE,TRUE,FALSE,0
2025-05-27T12:06:41.967000Z,TRUE,FALSE,FALSE,FALSE,20.113000000019383
2025-05-27T12:06:41.967999Z,TRUE,FALSE,FALSE,FALSE,22.11300000002666
2025-05-27T12:06:41.969000Z,TRUE,FALSE,FALSE,FALSE,46.12900000002992
2025-05-27T12:06:41.970000Z,TRUE,FALSE,FALSE,TRUE,46.12900000002992
2025-05-27T12:06:58.618000Z,FALSE,TRUE,FALSE,FALSE,7.320000000006985
2025-05-27T12:06:58.618999Z,FALSE,TRUE,FALSE,FALSE,7.320000000006985
2025-05-27T12:06:58.619999Z,FALSE,TRUE,FALSE,FALSE,7.320000000006985
2025-05-27T12:07:02.358999Z,FALSE,FALSE,FALSE,TRUE,0
2025-05-27T12:07:02.361000Z,FALSE,FALSE,FALSE,TRUE,0
2025-05-27T12:07:02.365999Z,FALSE,FALSE,TRUE,FALSE,44.00999999999476
2025-05-27T12:07:30.999000Z,FALSE,TRUE,FALSE,FALSE,36.84000000002561
2025-05-27T12:07:31.000999Z,FALSE,TRUE,FALSE,FALSE,36.84000000002561
2025-05-27T12:07:49.177000Z,FALSE,TRUE,FALSE,FALSE,0
2025-05-27T12:07:49.177999Z,FALSE,TRUE,FALSE,FALSE,0
2025-05-27T12:07:49.178999Z,FALSE,TRUE,FALSE,FALSE,12
2025-05-27T12:08:01.882999Z,FALSE,FALSE,FALSE,TRUE,395.66999999993277
2025-05-27T12:08:01.884000Z,FALSE,FALSE,FALSE,TRUE,420.5279999999548
2025-05-27T12:08:01.884999Z,FALSE,FALSE,FALSE,TRUE,431.83499999995547
2025-05-27T12:08:04.841000Z,FALSE,FALSE,TRUE,FALSE,9.425000000010186
2025-05-27T12:08:04.842999Z,FALSE,FALSE,TRUE,FALSE,9.425000000010186
2025-05-27T12:08:04.845999Z,FALSE,FALSE,FALSE,TRUE,13.425000000010186
2025-05-27T12:08:04.846999Z,FALSE,FALSE,FALSE,TRUE,13.425000000010186
2025-05-27T12:08:04.848000Z,FALSE,FALSE,FALSE,TRUE,13.425000000010186
2025-05-27T12:08:54.526999Z,FALSE,FALSE,TRUE,FALSE,0
2025-05-27T12:08:54.726999Z,FALSE,FALSE,TRUE,FALSE,0
2025-05-27T12:08:54.917999Z,FALSE,FALSE,FALSE,TRUE,54.03100000000995
2025-05-27T12:08:54.918999Z,FALSE,FALSE,FALSE,TRUE,69.61800000000949
2025-05-27T12:08:54.920000Z,FALSE,FALSE,FALSE,TRUE,89.841999999996915
2025-05-27T12:09:39.990999Z,FALSE,FALSE,FALSE,TRUE,0
2025-05-27T12:09:39.992000Z,FALSE,FALSE,FALSE,TRUE,2.0099999999947613
2025-05-27T12:09:39.993000Z,FALSE,FALSE,FALSE,TRUE,5.069999999963329
2025-05-27T12:09:39.994999Z,FALSE,FALSE,TRUE,FALSE,1300.286000000502
2025-05-27T12:09:39.996000Z,FALSE,FALSE,TRUE,TRUE,1307.384000000573
2025-05-27T12:09:39.996999Z,FALSE,FALSE,TRUE,TRUE,1307.384000000573
2025-05-27T12:09:39.997999Z,FALSE,FALSE,FALSE,TRUE,1308.064000000566
2025-05-27T12:09:39.999000Z,FALSE,FALSE,TRUE,FALSE,1308.064000000566
2025-05-27T12:09:40.002000Z,FALSE,FALSE,FALSE,TRUE,1306.0540000005712
2025-05-27T12:09:40.003000Z,FALSE,FALSE,FALSE,TRUE,1302.9940000006027
2025-05-27T12:09:42.785000Z,FALSE,FALSE,FALSE,TRUE,7.690000000002328
2025-05-27T12:09:42.786000Z,FALSE,FALSE,FALSE,TRUE,10.732000000032713
2025-05-27T12:09:42.786999Z,FALSE,FALSE,FALSE,TRUE,10.732000000032713
2025-05-27T12:09:52.647000Z,FALSE,FALSE,FALSE,TRUE,694.2399999999907
2025-05-27T12:09:52.648000Z,FALSE,FALSE,FALSE,TRUE,694.2399999999907
2025-05-27T12:09:52.648999Z,FALSE,FALSE,FALSE,TRUE,694.2399999999907
2025-05-27T12:09:52.650000Z,FALSE,FALSE,TRUE,FALSE,695.9399999999732
2025-05-27T12:09:52.651000Z,FALSE,FALSE,FALSE,TRUE,721.3800000000047
2025-05-27T12:10:24.868999Z,FALSE,TRUE,FALSE,FALSE,0
2025-05-27T12:10:24.869999Z,FALSE,TRUE,FALSE,FALSE,167.72399999998743
2025-05-27T12:10:24.871000Z,FALSE,TRUE,FALSE,FALSE,212.85399999997753
2025-05-27T12:10:25.405999Z,FALSE,TRUE,FALSE,FALSE,27.876999999949476
2025-05-27T12:10:25.407000Z,FALSE,TRUE,FALSE,FALSE,27.876999999949476
2025-05-27T12:10:25.407999Z,FALSE,TRUE,FALSE,FALSE,107.03999999995722
2025-05-27T12:10:25.957000Z,FALSE,TRUE,FALSE,FALSE,0
2025-05-27T12:10:25.957999Z,FALSE,TRUE,FALSE,FALSE,0.6799999999930151
2025-05-27T12:10:25.959000Z,FALSE,TRUE,FALSE,FALSE,0.6799999999930151
2025-05-27T12:10:25.960999Z,FALSE,TRUE,FALSE,FALSE,2.7199999999720603
2025-05-27T12:10:25.961999Z,FALSE,TRUE,FALSE,FALSE,28.519999999967695
2025-05-27T12:10:32.658999Z,FALSE,TRUE,FALSE,FALSE,8.735999999946216
2025-05-27T12:10:32.660000Z,FALSE,TRUE,FALSE,FALSE,28.985999999946216
2025-05-27T12:10:32.661000Z,FALSE,TRUE,FALSE,FALSE,28.985999999946216
2025-05-27T12:10:32.664000Z,TRUE,FALSE,FALSE,FALSE,34.6439999999493
2025-05-27T12:10:50.549999Z,FALSE,FALSE,TRUE,FALSE,20.018000000003667
2025-05-27T12:10:50.551000Z,FALSE,FALSE,TRUE,FALSE,20.218000000000757
2025-05-27T12:10:51.043999Z,TRUE,TRUE,FALSE,FALSE,19.11499999998341
2025-05-27T12:10:51.045000Z,TRUE,TRUE,FALSE,FALSE,215.10500000007596
2025-05-27T12:10:51.046000Z,TRUE,TRUE,FALSE,FALSE,224.7470000000758
2025-05-27T12:10:52.140000Z,FALSE,TRUE,FALSE,FALSE,12.273000000001048
2025-05-27T12:10:52.141000Z,FALSE,TRUE,FALSE,FALSE,227.96099999985017
2025-05-27T12:10:52.141999Z,FALSE,TRUE,FALSE,FALSE,227.96099999985017
2025-05-27T12:10:52.142999Z,FALSE,TRUE,FALSE,FALSE,227.96099999985017
2025-05-27T12:11:00.887000Z,FALSE,TRUE,FALSE,FALSE,43.046000000002095
2025-05-27T12:11:00.888000Z,FALSE,TRUE,FALSE,FALSE,43.046000000002095
2025-05-27T12:11:00.888999Z,FALSE,TRUE,FALSE,FALSE,43.046000000002095
2025-05-27T12:11:00.892999Z,TRUE,FALSE,FALSE,FALSE,66.07599999996455
2025-05-27T12:11:15.730999Z,FALSE,FALSE,FALSE,TRUE,0
2025-05-27T12:11:15.732000Z,FALSE,FALSE,FALSE,TRUE,12
2025-05-27T12:11:15.733000Z,FALSE,FALSE,FALSE,TRUE,12
2025-05-27T12:11:49.621000Z,FALSE,TRUE,FALSE,FALSE,0
2025-05-27T12:11:49.621999Z,FALSE,TRUE,FALSE,FALSE,12.059000000001106
2025-05-27T12:11:49.622999Z,FALSE,TRUE,FALSE,FALSE,12.059000000001106
2025-05-27T12:12:11.486000Z,FALSE,TRUE,FALSE,FALSE,0
2025-05-27T12:12:11.486999Z,FALSE,TRUE,FALSE,FALSE,164.51400000005378
2025-05-27T12:12:11.487999Z,FALSE,TRUE,FALSE,FALSE,164.51400000005378
2025-05-27T12:12:12.352999Z,FALSE,TRUE,FALSE,FALSE,0
2025-05-27T12:12:12.354000Z,FALSE,TRUE,FALSE,FALSE,352.5
2025-05-27T12:12:12.355000Z,FALSE,TRUE,FALSE,FALSE,352.5
2025-05-27T12:12:12.357000Z,TRUE,FALSE,FALSE,FALSE,412.110000000117
2025-05-27T12:12:12.358000Z,TRUE,TRUE,FALSE,FALSE,412.110000000117
2025-05-27T12:12:12.358999Z,TRUE,FALSE,FALSE,TRUE,420.83000000008906
2025-05-27T12:12:12.359999Z,TRUE,FALSE,FALSE,TRUE,422.83000000008906
2025-05-27T12:13:41.545000Z,FALSE,TRUE,FALSE,FALSE,0
2025-05-27T12:13:41.546000Z,FALSE,TRUE,FALSE,FALSE,0
2025-05-27T12:13:41.546999Z,FALSE,TRUE,FALSE,FALSE,439.0500000000611
2025-05-27T12:13:41.549999Z,FALSE,TRUE,FALSE,FALSE,439.0500000000611
2025-05-27T12:13:41.551000Z,FALSE,TRUE,FALSE,FALSE,439.0500000000611
2025-05-27T12:13:45.023000Z,FALSE,TRUE,FALSE,FALSE,27
2025-05-27T12:13:45.023999Z,FALSE,TRUE,FALSE,FALSE,27
2025-05-27T12:13:45.025000Z,FALSE,TRUE,FALSE,FALSE,27
2025-05-27T12:13:47.857000Z,FALSE,FALSE,FALSE,TRUE,6.19999999999709
2025-05-27T12:13:47.858000Z,FALSE,FALSE,FALSE,TRUE,249.1999999999971
2025-05-27T12:13:47.858999Z,FALSE,FALSE,FALSE,TRUE,249.1999999999971
2025-05-27T12:13:47.859999Z,FALSE,FALSE,TRUE,TRUE,249.1999999999971
2025-05-27T12:13:47.861999Z,FALSE,FALSE,FALSE,TRUE,260.5899999999965
2025-05-27T12:14:07.415999Z,FALSE,TRUE,FALSE,FALSE,0
2025-05-27T12:14:07.417000Z,FALSE,TRUE,FALSE,FALSE,4
2025-05-27T12:14:07.417999Z,FALSE,TRUE,FALSE,FALSE,4
2025-05-27T12:14:07.420000Z,FALSE,TRUE,FALSE,FALSE,4
2025-05-27T12:14:07.421000Z,FALSE,TRUE,FALSE,FALSE,4
2025-05-27T12:14:07.421999Z,FALSE,FALSE,FALSE,TRUE,4
2025-05-27T12:14:07.423000Z,FALSE,FALSE,FALSE,TRUE,4
2025-05-27T12:14:07.701999Z,FALSE,FALSE,TRUE,FALSE,12.531999999999243
2025-05-27T12:14:20.444999Z,TRUE,TRUE,FALSE,FALSE,51.516999999999825
2025-05-27T12:14:20.447999Z,FALSE,FALSE,FALSE,TRUE,51.516999999999825
2025-05-27T12:14:20.448999Z,FALSE,FALSE,FALSE,TRUE,51.516999999999825
2025-05-27T12:14:20.450000Z,FALSE,FALSE,FALSE,TRUE,56.03500000000349
2025-05-27T12:14:20.450999Z,FALSE,TRUE,FALSE,FALSE,90.26200000000244
2025-05-27T12:18:14.094000Z,FALSE,FALSE,FALSE,TRUE,0
2025-05-27T12:18:14.095999Z,FALSE,FALSE,FALSE,TRUE,6
2025-05-27T12:18:14.096999Z,FALSE,FALSE,FALSE,TRUE,6.1710000000020955
2025-05-27T12:18:14.969000Z,FALSE,TRUE,FALSE,FALSE,16.41599999999744
2025-05-27T12:18:14.970000Z,FALSE,TRUE,FALSE,FALSE,326.4109999998691
2025-05-27T12:18:14.970999Z,FALSE,TRUE,FALSE,FALSE,333.81999999986874
2025-05-27T12:18:14.971999Z,FALSE,TRUE,FALSE,FALSE,485.20399999985966
2025-05-27T12:18:14.973000Z,TRUE,FALSE,FALSE,FALSE,584.239999999867
2025-05-27T12:18:14.973999Z,TRUE,FALSE,FALSE,FALSE,584.239999999867
2025-05-27T12:18:14.976000Z,FALSE,TRUE,FALSE,FALSE,584.239999999867
2025-05-27T12:18:24.279000Z,TRUE,FALSE,FALSE,FALSE,1.1300000000119326
2025-05-27T12:18:24.280999Z,TRUE,FALSE,FALSE,FALSE,1.1300000000119326
2025-05-27T12:18:26.471999Z,FALSE,TRUE,FALSE,FALSE,0
2025-05-27T12:18:26.473000Z,FALSE,TRUE,FALSE,FALSE,8
2025-05-27T12:18:26.473999Z,FALSE,TRUE,FALSE,FALSE,8
2025-05-27T12:18:26.477999Z,FALSE,TRUE,FALSE,FALSE,8.515999999995984
2025-05-27T12:18:39.739000Z,TRUE,FALSE,FALSE,FALSE,36.14400000000023
2025-05-27T12:18:39.740999Z,TRUE,FALSE,FALSE,FALSE,36.14400000000023
2025-05-27T12:18:39.743999Z,TRUE,FALSE,FALSE,FALSE,36.14400000000023
2025-05-27T12:19:10.026999Z,FALSE,TRUE,FALSE,FALSE,0
2025-05-27T12:19:10.028000Z,FALSE,TRUE,FALSE,FALSE,134.70000000004802
2025-05-27T12:19:49.160000Z,FALSE,TRUE,FALSE,FALSE,0
2025-05-27T12:19:49.161999Z,FALSE,TRUE,FALSE,FALSE,140
2025-05-27T12:19:49.171999Z,FALSE,TRUE,FALSE,FALSE,0
2025-05-27T12:19:49.173000Z,FALSE,TRUE,FALSE,FALSE,0.34600000000500586
2025-05-27T12:19:49.174000Z,FALSE,TRUE,FALSE,FALSE,0.34600000000500586
2025-05-27T12:21:08.729000Z,FALSE,FALSE,FALSE,TRUE,4.399999999994179
2025-05-27T12:21:08.730000Z,FALSE,FALSE,FALSE,TRUE,4.399999999994179
2025-05-27T12:21:53.710999Z,FALSE,FALSE,FALSE,TRUE,0
2025-05-27T12:21:53.711999Z,FALSE,FALSE,FALSE,TRUE,3.507000000005064
2025-05-27T12:21:53.713000Z,FALSE,FALSE,FALSE,TRUE,3.507000000005064
2025-05-27T12:25:23.934999Z,FALSE,FALSE,FALSE,TRUE,2.2259999999951106
2025-05-27T12:25:23.936000Z,FALSE,FALSE,FALSE,TRUE,2.2259999999951106
2025-05-27T12:25:23.937000Z,FALSE,FALSE,FALSE,TRUE,2.2259999999951106
2025-05-27T12:25:46.408999Z,FALSE,FALSE,FALSE,TRUE,0
2025-05-27T12:25:46.410000Z,FALSE,FALSE,FALSE,TRUE,8
2025-05-27T12:25:46.411000Z,FALSE,FALSE,FALSE,TRUE,8
2025-05-27T12:26:50.280999Z,FALSE,TRUE,FALSE,FALSE,0
2025-05-27T12:26:50.282999Z,FALSE,TRUE,FALSE,FALSE,20
2025-05-27T12:26:59.109999Z,TRUE,FALSE,FALSE,FALSE,477.10699999987264
2025-05-27T12:28:25.783999Z,FALSE,FALSE,FALSE,TRUE,0
2025-05-27T12:28:25.785000Z,FALSE,FALSE,FALSE,TRUE,70
2025-05-27T12:28:25.786000Z,FALSE,FALSE,FALSE,TRUE,70
2025-05-27T12:28:25.788000Z,FALSE,FALSE,FALSE,TRUE,70
2025-05-27T12:28:31.206000Z,FALSE,TRUE,FALSE,FALSE,0
2025-05-27T12:28:31.207000Z,FALSE,TRUE,FALSE,FALSE,0
2025-05-27T12:28:31.207999Z,FALSE,TRUE,FALSE,FALSE,8
2025-05-27T12:29:55.403000Z,FALSE,TRUE,FALSE,FALSE,0
2025-05-27T12:29:55.404000Z,FALSE,TRUE,FALSE,FALSE,16
2025-05-27T12:29:55.404999Z,FALSE,TRUE,FALSE,FALSE,42.399999999965075
2025-05-27T12:29:55.405999Z,FALSE,TRUE,FALSE,FALSE,42.399999999965075
2025-05-27T12:30:18.394000Z,FALSE,TRUE,FALSE,FALSE,26.25
2025-05-27T12:30:18.394999Z,FALSE,TRUE,FALSE,FALSE,26.25
2025-05-27T12:30:18.395999Z,FALSE,TRUE,FALSE,FALSE,26.25
2025-05-27T12:30:28.470999Z,FALSE,FALSE,FALSE,TRUE,0
2025-05-27T12:30:28.471999Z,FALSE,FALSE,FALSE,TRUE,15.5
2025-05-27T12:30:28.473000Z,FALSE,FALSE,FALSE,TRUE,15.5
2025-05-27T12:31:11.407000Z,FALSE,TRUE,FALSE,FALSE,37.74000000003434
2025-05-27T12:31:11.407999Z,FALSE,TRUE,FALSE,FALSE,37.74000000003434
2025-05-27T12:31:11.408999Z,FALSE,TRUE,FALSE,FALSE,37.74000000003434
2025-05-27T12:31:16.026000Z,FALSE,TRUE,FALSE,FALSE,0
2025-05-27T12:31:16.026999Z,FALSE,TRUE,FALSE,FALSE,8.27400000000489
2025-05-27T12:31:16.028000Z,FALSE,TRUE,FALSE,FALSE,8.27400000000489
2025-05-27T12:31:16.973000Z,FALSE,TRUE,FALSE,FALSE,0
2025-05-27T12:31:16.973999Z,FALSE,TRUE,FALSE,FALSE,35.787000000011176
2025-05-27T12:31:16.974999Z,FALSE,TRUE,FALSE,FALSE,35.787000000011176
2025-05-27T12:31:27.240000Z,FALSE,TRUE,FALSE,FALSE,0
2025-05-27T12:31:27.240999Z,FALSE,TRUE,FALSE,FALSE,0
2025-05-27T12:31:27.242000Z,FALSE,TRUE,FALSE,FALSE,8
2025-05-27T12:32:04.990000Z,FALSE,TRUE,FALSE,FALSE,27.79999999998836
2025-05-27T12:32:04.990999Z,FALSE,TRUE,FALSE,FALSE,27.79999999998836
2025-05-27T12:32:04.992000Z,FALSE,TRUE,FALSE,FALSE,27.79999999998836
2025-05-27T12:33:14.575999Z,FALSE,FALSE,FALSE,TRUE,19.687999999994645
2025-05-27T12:33:14.576999Z,FALSE,FALSE,FALSE,TRUE,19.687999999994645
2025-05-27T12:33:14.578000Z,FALSE,FALSE,FALSE,TRUE,19.687999999994645
2025-05-27T12:34:26.523999Z,FALSE,TRUE,FALSE,FALSE,0
2025-05-27T12:34:26.525000Z,FALSE,TRUE,FALSE,FALSE,0
2025-05-27T12:34:26.526000Z,FALSE,TRUE,FALSE,FALSE,0.19999999999708962
2025-05-27T12:34:31.934999Z,FALSE,TRUE,FALSE,FALSE,83.39999999996508
2025-05-27T12:34:31.936000Z,FALSE,TRUE,FALSE,FALSE,108.20399999995425
2025-05-27T12:34:47.259999Z,TRUE,TRUE,FALSE,FALSE,0.23000000000320142
2025-05-27T12:34:47.433000Z,FALSE,TRUE,FALSE,FALSE,573.4970000000321
2025-05-27T12:34:53.536999Z,FALSE,FALSE,FALSE,TRUE,0
2025-05-27T12:34:53.538000Z,FALSE,FALSE,FALSE,TRUE,30.947999999974854
2025-05-27T12:34:53.539000Z,FALSE,FALSE,FALSE,TRUE,30.947999999974854
2025-05-27T12:35:29.365000Z,FALSE,TRUE,FALSE,FALSE,0
2025-05-27T12:35:29.367000Z,FALSE,TRUE,FALSE,FALSE,25.199999999982538
2025-05-27T12:36:32.678999Z,FALSE,TRUE,FALSE,FALSE,0
2025-05-27T12:36:32.680000Z,FALSE,TRUE,FALSE,FALSE,2.058000000048196
2025-05-27T12:36:32.680999Z,FALSE,TRUE,FALSE,FALSE,5.814000000042142
2025-05-27T12:36:32.729000Z,FALSE,TRUE,FALSE,FALSE,0.8819999999977881
2025-05-27T12:36:32.730000Z,FALSE,TRUE,FALSE,FALSE,0.8819999999977881
2025-05-27T12:36:32.730999Z,FALSE,TRUE,FALSE,FALSE,0.8819999999977881
2025-05-27T12:36:54.857000Z,FALSE,FALSE,FALSE,TRUE,92.850999999966
2025-05-27T12:36:54.858000Z,FALSE,FALSE,TRUE,TRUE,577.8879999998462
2025-05-27T12:36:54.858999Z,FALSE,FALSE,TRUE,TRUE,577.8879999998462
2025-05-27T12:36:54.859999Z,FALSE,FALSE,TRUE,TRUE,584.7529999998515
2025-05-27T12:37:04.910000Z,FALSE,TRUE,FALSE,FALSE,34.29199999998673
2025-05-27T12:37:37.930999Z,FALSE,FALSE,FALSE,TRUE,0
2025-05-27T12:37:37.931999Z,FALSE,FALSE,FALSE,TRUE,29.38399999999092
2025-05-27T12:37:37.933000Z,FALSE,FALSE,FALSE,TRUE,29.38399999999092
2025-05-27T12:37:50.733000Z,FALSE,TRUE,FALSE,FALSE,0
2025-05-27T12:37:50.733999Z,FALSE,TRUE,FALSE,FALSE,4.0460000000020955
2025-05-27T12:37:50.734999Z,FALSE,TRUE,FALSE,FALSE,147.958999999988
2025-05-27T12:41:43.295000Z,TRUE,FALSE,FALSE,FALSE,67.98600000000442
2025-05-27T12:41:43.296999Z,TRUE,FALSE,FALSE,FALSE,254.1860000002489
2025-05-27T12:42:01.884000Z,FALSE,TRUE,FALSE,FALSE,30.370000000009895
2025-05-27T12:42:36.026999Z,FALSE,TRUE,FALSE,FALSE,0
2025-05-27T12:42:36.028000Z,FALSE,TRUE,FALSE,FALSE,8
2025-05-27T12:43:15.634000Z,FALSE,TRUE,FALSE,FALSE,0
2025-05-27T12:43:15.634999Z,FALSE,TRUE,FALSE,FALSE,12.59100000000035
2025-05-27T12:43:15.635999Z,FALSE,TRUE,FALSE,FALSE,175.6289999999717
2025-05-27T12:43:15.940999Z,FALSE,TRUE,FALSE,FALSE,49.06999999999243
2025-05-27T12:43:15.941999Z,FALSE,TRUE,FALSE,FALSE,67.47499999997672
2025-05-27T12:43:15.943000Z,FALSE,TRUE,FALSE,FALSE,67.47499999997672
2025-05-27T12:43:16.963000Z,FALSE,FALSE,FALSE,TRUE,2
2025-05-27T12:43:16.963999Z,FALSE,FALSE,FALSE,TRUE,2
2025-05-27T12:43:16.964999Z,FALSE,FALSE,FALSE,TRUE,13.489999999990687
2025-05-27T12:43:16.966000Z,FALSE,TRUE,FALSE,FALSE,13.489999999990687
2025-05-27T12:43:34.193000Z,FALSE,TRUE,FALSE,FALSE,0.5999999999912689
2025-05-27T12:43:34.194000Z,FALSE,TRUE,FALSE,FALSE,0.5999999999912689
2025-05-27T12:44:10.910000Z,FALSE,TRUE,FALSE,FALSE,62.54999999997381
2025-05-27T12:44:10.911000Z,FALSE,TRUE,FALSE,FALSE,62.54999999997381
2025-05-27T12:44:10.911999Z,FALSE,TRUE,FALSE,FALSE,480.51899999989837
2025-05-27T12:44:10.914000Z,FALSE,TRUE,FALSE,FALSE,1075.3389999999345
2025-05-27T12:44:10.914999Z,FALSE,TRUE,FALSE,FALSE,1154.2869999999966
2025-05-27T12:44:10.915999Z,FALSE,TRUE,FALSE,FALSE,1154.2869999999966
2025-05-27T12:44:10.917000Z,TRUE,FALSE,FALSE,FALSE,1158.2869999999966
2025-05-27T12:44:10.917999Z,TRUE,FALSE,FALSE,FALSE,1158.2869999999966
2025-05-27T12:44:10.918999Z,TRUE,FALSE,FALSE,FALSE,1168.3820000000123
2025-05-27T12:44:11.059999Z,FALSE,TRUE,FALSE,FALSE,1.1530000000057044
2025-05-27T12:44:11.061000Z,FALSE,TRUE,FALSE,FALSE,1.1530000000057044
2025-05-27T12:44:11.062000Z,FALSE,TRUE,FALSE,FALSE,1.1530000000057044
2025-05-27T12:44:11.063999Z,TRUE,TRUE,FALSE,FALSE,8.444000000003143
2025-05-27T12:44:11.065000Z,TRUE,TRUE,FALSE,FALSE,63.3020000000688
2025-05-27T12:44:11.065999Z,FALSE,TRUE,FALSE,FALSE,796.9100000004837
2025-05-27T12:44:11.066999Z,TRUE,TRUE,FALSE,FALSE,810.5900000006513
2025-05-27T12:44:11.068000Z,TRUE,TRUE,FALSE,FALSE,1234.238000000696
2025-05-27T12:44:11.069000Z,TRUE,TRUE,FALSE,FALSE,2784.505000000907
2025-05-27T12:44:11.069999Z,TRUE,FALSE,FALSE,FALSE,2784.505000000907
2025-05-27T12:44:11.071000Z,FALSE,TRUE,TRUE,FALSE,2843.7400000008784
2025-05-27T12:44:11.072000Z,TRUE,TRUE,FALSE,FALSE,2843.7400000008784
2025-05-27T12:44:11.075000Z,FALSE,FALSE,FALSE,TRUE,2874.6630000009172
2025-05-27T12:44:11.076999Z,FALSE,FALSE,FALSE,TRUE,2135.3750000003347
2025-05-27T12:44:11.427000Z,FALSE,TRUE,FALSE,FALSE,0
2025-05-27T12:44:11.428999Z,FALSE,TRUE,FALSE,FALSE,1.043999999994412
2025-05-27T12:44:13.028000Z,FALSE,TRUE,FALSE,FALSE,0.39999999999417923
2025-05-27T12:44:13.030999Z,FALSE,TRUE,FALSE,FALSE,0.39999999999417923
2025-05-27T12:44:13.032000Z,FALSE,FALSE,FALSE,TRUE,0.39999999999417923
2025-05-27T12:44:13.032999Z,FALSE,FALSE,FALSE,TRUE,133.89999999999418
2025-05-27T12:44:13.033999Z,FALSE,TRUE,FALSE,FALSE,138.1409999999887
2025-05-27T12:44:13.035000Z,FALSE,FALSE,FALSE,TRUE,138.1409999999887
2025-05-27T12:44:21.790999Z,FALSE,TRUE,FALSE,FALSE,66.82600000000093
2025-05-27T12:44:21.792000Z,TRUE,TRUE,FALSE,FALSE,70.3059999999823
2025-05-27T12:44:21.792999Z,FALSE,TRUE,FALSE,FALSE,73.78599999996368
2025-05-27T12:44:21.796000Z,TRUE,FALSE,FALSE,FALSE,242.08299999992596
2025-05-27T12:44:21.796999Z,TRUE,FALSE,FALSE,FALSE,242.08299999992596
2025-05-27T12:44:28.782000Z,TRUE,TRUE,FALSE,FALSE,27.096999999994296
2025-05-27T12:44:28.783999Z,TRUE,TRUE,FALSE,FALSE,27.096999999994296
2025-05-27T12:44:28.786999Z,FALSE,TRUE,FALSE,FALSE,679.6529999998602
2025-05-27T12:44:28.788000Z,FALSE,TRUE,FALSE,FALSE,679.6529999998602
2025-05-27T12:46:10.882999Z,FALSE,FALSE,TRUE,FALSE,157.0840000000171
2025-05-27T12:46:10.884000Z,FALSE,FALSE,TRUE,FALSE,488.9050000000716
2025-05-27T12:46:10.884999Z,FALSE,FALSE,TRUE,FALSE,532.6690000001254
2025-05-27T12:46:10.885999Z,FALSE,FALSE,TRUE,TRUE,728.5570000002044
2025-05-27T12:46:10.887000Z,FALSE,FALSE,TRUE,TRUE,1437.0910000001604
2025-05-27T12:46:10.888000Z,FALSE,FALSE,TRUE,TRUE,1349.007000000187
2025-05-27T12:46:10.888999Z,FALSE,FALSE,FALSE,TRUE,1304.397000000201
2025-05-27T12:46:10.890000Z,FALSE,FALSE,TRUE,TRUE,1308.6240000001562
2025-05-27T12:46:10.891000Z,FALSE,FALSE,FALSE,TRUE,1466.6240000002144
2025-05-27T12:46:10.891999Z,FALSE,FALSE,FALSE,TRUE,1502.9880000001576
2025-05-27T12:46:10.892999Z,FALSE,FALSE,TRUE,TRUE,1507.5720000002184
2025-05-27T12:46:10.895999Z,FALSE,FALSE,FALSE,TRUE,998.4220000001078
2025-05-27T12:46:10.992000Z,TRUE,FALSE,FALSE,FALSE,51.427000000010594
2025-05-27T12:46:11.016000Z,TRUE,FALSE,FALSE,FALSE,28.80799999998999
2025-05-27T12:46:11.019999Z,TRUE,FALSE,FALSE,FALSE,38.43399999997928
2025-05-27T12:46:13.036000Z,FALSE,FALSE,FALSE,TRUE,40
2025-05-27T12:46:13.036999Z,FALSE,FALSE,FALSE,TRUE,40
2025-05-27T12:46:13.798000Z,FALSE,TRUE,FALSE,FALSE,0
2025-05-27T12:46:13.799000Z,FALSE,TRUE,FALSE,FALSE,4.559999999997672
2025-05-27T12:46:13.799999Z,FALSE,TRUE,FALSE,FALSE,162.05999999999767
2025-05-27T12:46:17.322000Z,FALSE,TRUE,FALSE,FALSE,0
2025-05-27T12:46:17.322999Z,FALSE,TRUE,FALSE,FALSE,0
2025-05-27T12:46:17.323999Z,FALSE,TRUE,FALSE,FALSE,0.6880000000237487
2025-05-27T12:46:24.033999Z,FALSE,TRUE,FALSE,FALSE,0
2025-05-27T12:46:24.035000Z,FALSE,TRUE,FALSE,FALSE,24.000000000116415
2025-05-27T12:46:24.036000Z,FALSE,TRUE,FALSE,FALSE,24.000000000116415
2025-05-27T12:46:38.565999Z,FALSE,FALSE,FALSE,TRUE,3448.5319999995118
2025-05-27T12:46:38.566999Z,FALSE,FALSE,FALSE,TRUE,3462.117999999522
2025-05-27T12:46:38.568000Z,FALSE,FALSE,FALSE,TRUE,3463.3079999995825
2025-05-27T12:46:38.569999Z,FALSE,FALSE,FALSE,TRUE,3465.371999999654
2025-05-27T12:46:45.111000Z,FALSE,FALSE,FALSE,TRUE,0
2025-05-27T12:46:45.111999Z,FALSE,FALSE,FALSE,TRUE,2
2025-05-27T12:46:45.112999Z,FALSE,FALSE,FALSE,TRUE,4.744000000064261
2025-05-27T12:46:55.638000Z,FALSE,FALSE,FALSE,TRUE,0
2025-05-27T12:46:55.638999Z,FALSE,FALSE,FALSE,TRUE,8
2025-05-27T12:46:55.640000Z,FALSE,FALSE,FALSE,TRUE,9.026000000012573
2025-05-27T12:46:56.023999Z,FALSE,FALSE,FALSE,TRUE,4
2025-05-27T12:46:56.025000Z,FALSE,FALSE,FALSE,TRUE,14.422000000020489
2025-05-27T12:46:56.026000Z,FALSE,FALSE,FALSE,TRUE,14.422000000020489
2025-05-27T12:46:56.424000Z,FALSE,TRUE,FALSE,FALSE,4
2025-05-27T12:47:00.029000Z,FALSE,FALSE,TRUE,FALSE,34.891000000046915
2025-05-27T12:47:00.029999Z,FALSE,FALSE,TRUE,FALSE,34.891000000046915
2025-05-27T12:47:00.030999Z,FALSE,FALSE,TRUE,FALSE,34.891000000046915
2025-05-27T12:47:23.368000Z,FALSE,TRUE,FALSE,FALSE,54.68400000000838
2025-05-27T12:47:23.368999Z,FALSE,TRUE,FALSE,FALSE,267.4440000001341
2025-05-27T12:47:23.369999Z,TRUE,TRUE,FALSE,FALSE,416.38200000015786
2025-05-27T12:47:23.371000Z,TRUE,FALSE,FALSE,FALSE,3748.422000000137
2025-05-27T12:47:23.371999Z,TRUE,FALSE,FALSE,FALSE,3920.261999999988
2025-05-27T12:47:23.372999Z,FALSE,TRUE,FALSE,FALSE,3938.261999999988
2025-05-27T12:47:31.904999Z,FALSE,FALSE,FALSE,TRUE,0
2025-05-27T12:47:31.905999Z,FALSE,FALSE,FALSE,TRUE,2
2025-05-27T12:47:31.907000Z,FALSE,FALSE,FALSE,TRUE,9.296000000089407
2025-05-27T12:47:40.407999Z,FALSE,TRUE,FALSE,FALSE,0
2025-05-27T12:47:40.408999Z,FALSE,TRUE,FALSE,FALSE,112.10400000005029
2025-05-27T12:47:40.410000Z,FALSE,TRUE,FALSE,FALSE,112.10400000005029
2025-05-27T12:47:40.411999Z,TRUE,FALSE,FALSE,FALSE,112.10400000005029
2025-05-27T12:47:50.415999Z,FALSE,FALSE,FALSE,TRUE,0
2025-05-27T12:50:33.908999Z,FALSE,FALSE,FALSE,TRUE,22.771999999997206
2025-05-27T12:50:33.910000Z,FALSE,FALSE,FALSE,TRUE,283.5920000000915
2025-05-27T12:51:05.674999Z,FALSE,FALSE,FALSE,TRUE,0
2025-05-27T12:51:05.676000Z,FALSE,FALSE,FALSE,TRUE,27.912000000011176
2025-05-27T12:51:05.677000Z,FALSE,FALSE,FALSE,TRUE,30.50900000000547
2025-05-27T12:51:08.201999Z,FALSE,TRUE,FALSE,FALSE,243.08000000017637
2025-05-27T12:53:25.565999Z,FALSE,TRUE,FALSE,FALSE,57.39199999999255
2025-05-27T12:53:25.566999Z,FALSE,TRUE,FALSE,FALSE,949.0400000003865
2025-05-27T12:53:25.568000Z,FALSE,TRUE,FALSE,FALSE,1115.1440000004368
2025-05-27T12:53:25.571000Z,TRUE,FALSE,FALSE,FALSE,1115.1440000004368
2025-05-27T12:53:25.581000Z,FALSE,TRUE,FALSE,FALSE,193.56599999999162
2025-05-27T12:53:25.582000Z,FALSE,TRUE,FALSE,FALSE,285.8539999999921
2025-05-27T12:53:25.582999Z,FALSE,TRUE,FALSE,FALSE,295.2239999999729
2025-05-27T12:53:46.397000Z,TRUE,FALSE,FALSE,FALSE,42.35099999999511
2025-05-27T12:53:46.398999Z,TRUE,FALSE,FALSE,FALSE,42.35099999999511
2025-05-27T12:53:46.401999Z,FALSE,TRUE,FALSE,FALSE,48.35099999999511
2025-05-27T12:53:46.403000Z,TRUE,FALSE,FALSE,FALSE,48.35099999999511
2025-05-27T12:55:02.918999Z,FALSE,TRUE,FALSE,FALSE,0
2025-05-27T12:55:02.920000Z,FALSE,TRUE,FALSE,FALSE,8.679999999993015
2025-05-27T12:55:02.921000Z,FALSE,TRUE,FALSE,FALSE,8.679999999993015
2025-05-27T12:56:35.677999Z,FALSE,TRUE,FALSE,FALSE,0
2025-05-27T12:56:35.678999Z,FALSE,TRUE,FALSE,FALSE,6.75
2025-05-27T12:56:35.680000Z,FALSE,TRUE,FALSE,FALSE,14.75
2025-05-27T12:58:34.654999Z,FALSE,FALSE,FALSE,TRUE,1.9999999999708962
2025-05-27T12:58:34.655999Z,FALSE,FALSE,FALSE,TRUE,54.844000000011874
2025-05-27T12:58:34.657000Z,FALSE,FALSE,FALSE,TRUE,156.59800000011455
2025-05-27T12:58:34.658999Z,FALSE,FALSE,TRUE,TRUE,3286.208999999988
2025-05-27T12:58:34.660000Z,FALSE,FALSE,TRUE,TRUE,3372.738000000012
2025-05-27T12:58:34.661000Z,FALSE,FALSE,FALSE,TRUE,4129.053000000917
2025-05-27T12:58:34.661999Z,FALSE,FALSE,TRUE,FALSE,4634.5230000008305
2025-05-27T12:58:34.663000Z,FALSE,FALSE,TRUE,TRUE,5702.523000000132
2025-05-27T12:58:34.664000Z,FALSE,FALSE,TRUE,TRUE,6228.554999999906
2025-05-27T12:58:34.746999Z,FALSE,FALSE,TRUE,TRUE,19.22500000000582
2025-05-27T12:58:34.747999Z,FALSE,FALSE,TRUE,TRUE,43.22500000000582
2025-05-27T12:58:34.749000Z,FALSE,FALSE,TRUE,FALSE,32.63900000002468
2025-05-27T12:58:37.020999Z,FALSE,FALSE,FALSE,TRUE,0
2025-05-27T12:58:37.022000Z,FALSE,FALSE,FALSE,TRUE,268.36699999996927
2025-05-27T12:58:37.023000Z,FALSE,FALSE,FALSE,TRUE,290.6899999998568
2025-05-27T12:58:37.023999Z,FALSE,FALSE,FALSE,TRUE,292.22899999987567
2025-05-27T12:58:37.026000Z,FALSE,FALSE,TRUE,FALSE,296.19699999986915
2025-05-27T12:58:47.834000Z,TRUE,FALSE,FALSE,FALSE,30.45900000000256
2025-05-27T12:58:47.835000Z,TRUE,FALSE,FALSE,FALSE,30.45900000000256
2025-05-27T12:58:49.635999Z,FALSE,FALSE,FALSE,TRUE,6.9759999999951106
2025-05-27T12:58:49.637000Z,FALSE,FALSE,FALSE,TRUE,8.97599999999511
2025-05-27T12:58:49.638000Z,FALSE,FALSE,FALSE,TRUE,9.37599999998929
2025-05-27T12:58:55.206000Z,FALSE,FALSE,FALSE,TRUE,0
2025-05-27T12:58:55.207000Z,FALSE,FALSE,FALSE,TRUE,28.430999999996857
2025-05-27T12:58:55.207999Z,FALSE,FALSE,FALSE,TRUE,28.430999999996857
2025-05-27T12:58:55.717999Z,FALSE,FALSE,FALSE,TRUE,19.619999999995343
2025-05-27T12:58:55.719000Z,FALSE,FALSE,FALSE,TRUE,19.619999999995343
2025-05-27T12:58:55.720000Z,FALSE,FALSE,FALSE,TRUE,19.619999999995343
2025-05-27T12:59:06.898999Z,FALSE,FALSE,FALSE,TRUE,0
2025-05-27T12:59:06.900000Z,FALSE,FALSE,FALSE,TRUE,11.312999999980093
2025-05-27T12:59:06.901000Z,FALSE,FALSE,FALSE,TRUE,11.312999999980093
2025-05-27T12:59:09.872999Z,TRUE,FALSE,FALSE,FALSE,33.705000000001746
2025-05-27T12:59:09.875000Z,TRUE,FALSE,FALSE,FALSE,212.87999999988824
2025-05-27T12:59:38.244999Z,FALSE,TRUE,FALSE,FALSE,0
2025-05-27T12:59:38.246000Z,FALSE,TRUE,FALSE,FALSE,205.78599999990547
2025-05-27T12:59:38.246999Z,FALSE,TRUE,FALSE,FALSE,205.78599999990547
2025-05-27T12:59:38.249000Z,TRUE,FALSE,FALSE,FALSE,304.56999999989057
2025-05-27T12:59:47.035000Z,FALSE,FALSE,FALSE,TRUE,166.73399999985122
2025-05-27T12:59:47.036000Z,FALSE,FALSE,FALSE,TRUE,166.73399999985122
2025-05-27T12:59:47.036999Z,FALSE,FALSE,FALSE,TRUE,166.73399999985122
2025-05-27T12:59:48.903000Z,FALSE,FALSE,FALSE,TRUE,0
2025-05-27T12:59:48.904000Z,FALSE,FALSE,FALSE,TRUE,0
2025-05-27T12:59:48.904999Z,FALSE,FALSE,FALSE,TRUE,98.99999999994179
2025-05-27T12:59:48.905999Z,FALSE,FALSE,FALSE,TRUE,98.99999999994179
2025-05-27T12:59:48.910000Z,FALSE,FALSE,FALSE,TRUE,101.39599999994971
2025-05-27T12:59:48.970000Z,FALSE,FALSE,FALSE,TRUE,277.7810000000027
2025-05-27T12:59:48.974999Z,FALSE,FALSE,TRUE,TRUE,397.5419999998121
2025-05-27T12:59:48.976000Z,FALSE,FALSE,TRUE,TRUE,796.5979999996198
2025-05-27T12:59:48.976999Z,FALSE,FALSE,TRUE,TRUE,747.5029999996041
2025-05-27T12:59:48.977999Z,FALSE,FALSE,TRUE,TRUE,1070.5809999994672
2025-05-27T12:59:48.979000Z,FALSE,FALSE,TRUE,FALSE,1305.1309999995137
2025-05-27T12:59:48.980000Z,FALSE,FALSE,TRUE,FALSE,1261.1309999995137
2025-05-27T12:59:48.980999Z,FALSE,FALSE,TRUE,FALSE,1283.0069999995758
2025-05-27T12:59:48.984999Z,FALSE,FALSE,FALSE,TRUE,1222.2829999997048
2025-05-27T12:59:49.819999Z,FALSE,FALSE,FALSE,TRUE,0
2025-05-27T12:59:49.821000Z,FALSE,FALSE,FALSE,TRUE,0.22400000000197906
2025-05-27T12:59:49.822000Z,FALSE,FALSE,FALSE,TRUE,1.7150000000110595
2025-05-27T12:59:49.825000Z,FALSE,FALSE,FALSE,TRUE,3.411000000007334
2025-05-27T12:59:51.025000Z,FALSE,FALSE,FALSE,TRUE,0
2025-05-27T12:59:51.026000Z,FALSE,FALSE,FALSE,TRUE,20.25
2025-05-27T12:59:51.026999Z,FALSE,FALSE,FALSE,TRUE,20.418000000005122
2025-05-27T12:59:51.028000Z,FALSE,FALSE,FALSE,TRUE,20.418000000005122
2025-05-27T12:59:51.029000Z,FALSE,FALSE,FALSE,TRUE,20.418000000005122
2025-05-27T12:59:51.029999Z,FALSE,FALSE,FALSE,TRUE,64.41799999994691
2025-05-27T12:59:51.030999Z,FALSE,TRUE,FALSE,TRUE,165.1779999996652
2025-05-27T12:59:51.032000Z,FALSE,TRUE,FALSE,TRUE,165.1779999996652
2025-05-27T12:59:51.032999Z,FALSE,TRUE,FALSE,TRUE,376.92399999973713
2025-05-27T12:59:51.033999Z,FALSE,FALSE,TRUE,TRUE,421.0519999997632
2025-05-27T12:59:51.035000Z,FALSE,FALSE,TRUE,TRUE,2340.3519999999116
2025-05-27T12:59:51.036999Z,FALSE,FALSE,TRUE,FALSE,2907.4090000002034
2025-05-27T12:59:51.039000Z,FALSE,FALSE,TRUE,TRUE,2994.4310000004625
2025-05-27T12:59:51.039999Z,FALSE,FALSE,TRUE,TRUE,2961.255000000543
2025-05-27T12:59:51.040999Z,FALSE,FALSE,TRUE,TRUE,2869.0210000008374
2025-05-27T12:59:51.042000Z,FALSE,FALSE,TRUE,TRUE,2914.9210000008025
2025-05-27T12:59:51.042999Z,FALSE,FALSE,TRUE,FALSE,2703.1750000007305
2025-05-27T12:59:51.043999Z,FALSE,FALSE,TRUE,FALSE,2683.1790000007313
2025-05-27T12:59:51.045000Z,TRUE,FALSE,FALSE,FALSE,772.0450000005658
2025-05-27T12:59:51.051000Z,TRUE,FALSE,TRUE,FALSE,239.16800000001967
2025-05-27T12:59:51.052000Z,TRUE,FALSE,FALSE,FALSE,194.3880000000645
2025-05-27T12:59:51.055000Z,FALSE,FALSE,TRUE,FALSE,259.957000000024
2025-05-27T12:59:51.058000Z,TRUE,FALSE,FALSE,FALSE,275.61900000000605
2025-05-27T12:59:51.059000Z,TRUE,FALSE,FALSE,FALSE,199.30799999999
2025-05-27T12:59:51.065000Z,FALSE,FALSE,TRUE,FALSE,134.696999999971
2025-05-27T12:59:51.088999Z,FALSE,FALSE,TRUE,FALSE,750.9380000000529
2025-05-27T12:59:51.089999Z,FALSE,FALSE,TRUE,FALSE,878.1640000000771
2025-05-27T12:59:51.091000Z,FALSE,FALSE,TRUE,FALSE,908.4460000000836
2025-05-27T12:59:51.094000Z,TRUE,FALSE,FALSE,FALSE,2256.4490000005317
2025-05-27T12:59:51.095000Z,TRUE,FALSE,FALSE,FALSE,2206.393000000491
2025-05-27T12:59:51.095999Z,TRUE,FALSE,FALSE,FALSE,2219.892000000502
2025-05-27T12:59:51.096999Z,TRUE,FALSE,FALSE,FALSE,2185.264000000505
2025-05-27T12:59:51.105000Z,FALSE,FALSE,FALSE,TRUE,633.6809999999095
2025-05-27T12:59:51.107000Z,FALSE,FALSE,TRUE,FALSE,799.9759999997186
2025-05-27T12:59:51.108000Z,FALSE,FALSE,TRUE,FALSE,795.5479999997333
2025-05-27T12:59:51.148999Z,FALSE,FALSE,FALSE,TRUE,41.170999999987544
2025-05-27T12:59:51.150000Z,FALSE,FALSE,FALSE,TRUE,24.61699999999837
2025-05-27T12:59:51.151000Z,FALSE,FALSE,FALSE,TRUE,24.61699999999837
2025-05-27T12:59:51.171999Z,FALSE,FALSE,FALSE,TRUE,9.203999999997905
2025-05-27T12:59:51.173000Z,FALSE,FALSE,FALSE,TRUE,9.203999999997905
2025-05-27T12:59:51.240999Z,FALSE,FALSE,FALSE,TRUE,31.537999999971362
2025-05-27T12:59:51.243000Z,FALSE,FALSE,FALSE,TRUE,41.630999999979394
2025-05-27T12:59:51.434000Z,FALSE,FALSE,FALSE,TRUE,7.283999999999651
2025-05-27T12:59:51.434999Z,FALSE,FALSE,FALSE,TRUE,7.283999999999651
2025-05-27T12:59:51.437999Z,FALSE,FALSE,TRUE,FALSE,55.54800000002433
2025-05-27T12:59:51.438999Z,FALSE,FALSE,TRUE,FALSE,55.54800000002433
2025-05-27T12:59:51.440000Z,FALSE,FALSE,TRUE,TRUE,91.63199999999779
2025-05-27T12:59:51.456000Z,FALSE,FALSE,FALSE,TRUE,28.64399999997113
2025-05-27T12:59:51.532999Z,FALSE,FALSE,FALSE,TRUE,0.5010000000038417
2025-05-27T12:59:51.533999Z,FALSE,FALSE,FALSE,TRUE,0
2025-05-27T12:59:51.552999Z,FALSE,FALSE,FALSE,TRUE,0
2025-05-27T12:59:51.553999Z,FALSE,FALSE,FALSE,TRUE,5.445000000006985
2025-05-27T12:59:51.555000Z,FALSE,FALSE,FALSE,TRUE,5.445000000006985
2025-05-27T12:59:52.026000Z,FALSE,FALSE,FALSE,TRUE,0
2025-05-27T12:59:52.026999Z,FALSE,FALSE,FALSE,TRUE,0
2025-05-27T12:59:52.028000Z,FALSE,FALSE,FALSE,TRUE,196.12799999996787
2025-05-27T12:59:52.043999Z,FALSE,FALSE,FALSE,TRUE,6.75
2025-05-27T12:59:52.045000Z,FALSE,FALSE,FALSE,TRUE,12.75
2025-05-27T12:59:52.046000Z,FALSE,FALSE,FALSE,TRUE,12.75
2025-05-27T12:59:52.578000Z,FALSE,FALSE,FALSE,TRUE,10.046000000002095
2025-05-27T12:59:52.578999Z,FALSE,FALSE,FALSE,TRUE,10.046000000002095
2025-05-27T12:59:52.579999Z,FALSE,FALSE,FALSE,TRUE,17.373999999981606
2025-05-27T12:59:53.765000Z,FALSE,FALSE,FALSE,TRUE,0
2025-05-27T12:59:53.766999Z,FALSE,FALSE,FALSE,TRUE,220.5
2025-05-27T12:59:53.767999Z,FALSE,FALSE,FALSE,TRUE,220.5
2025-05-27T12:59:54.026999Z,FALSE,FALSE,FALSE,TRUE,0
2025-05-27T12:59:54.028000Z,FALSE,FALSE,FALSE,TRUE,679
2025-05-27T12:59:54.029000Z,FALSE,FALSE,FALSE,TRUE,861.8350000001956
2025-05-27T12:59:54.029999Z,FALSE,FALSE,TRUE,TRUE,1653.69500000072
2025-05-27T12:59:54.030999Z,FALSE,FALSE,TRUE,TRUE,1792.1510000009002
2025-05-27T12:59:54.032000Z,FALSE,FALSE,TRUE,TRUE,1860.8090000009834
2025-05-27T12:59:54.032999Z,FALSE,FALSE,TRUE,TRUE,1951.1090000010881
2025-05-27T12:59:54.033999Z,FALSE,FALSE,TRUE,TRUE,1967.401000001104
2025-05-27T12:59:54.035000Z,FALSE,FALSE,TRUE,FALSE,1972.1650000011286
2025-05-27T12:59:54.039999Z,TRUE,FALSE,FALSE,FALSE,364.94700000040757
2025-05-27T12:59:54.040999Z,TRUE,FALSE,FALSE,FALSE,262.5270000002347
2025-05-27T12:59:54.332999Z,FALSE,TRUE,FALSE,FALSE,16
2025-05-27T12:59:54.334000Z,FALSE,TRUE,FALSE,FALSE,16
2025-05-27T12:59:54.335000Z,FALSE,TRUE,FALSE,FALSE,16
2025-05-27T13:00:06.831000Z,FALSE,FALSE,FALSE,TRUE,0
2025-05-27T13:00:06.832999Z,FALSE,FALSE,FALSE,TRUE,6
2025-05-27T13:00:15.010999Z,FALSE,FALSE,FALSE,TRUE,0
2025-05-27T13:00:15.013000Z,FALSE,FALSE,FALSE,TRUE,4.032000000006519
2025-05-27T13:00:20.588999Z,FALSE,TRUE,FALSE,FALSE,0
2025-05-27T13:00:20.589999Z,FALSE,TRUE,FALSE,FALSE,3.3179999999993015
2025-05-27T13:00:20.591000Z,FALSE,TRUE,FALSE,FALSE,7.3179999999993015
2025-05-27T13:00:23.039999Z,FALSE,TRUE,FALSE,FALSE,0
2025-05-27T13:00:23.040999Z,FALSE,TRUE,FALSE,FALSE,74.81200000003446
2025-05-27T13:00:23.042000Z,FALSE,TRUE,FALSE,FALSE,74.81200000003446
2025-05-27T13:00:26.561000Z,FALSE,FALSE,FALSE,TRUE,0
2025-05-27T13:00:26.562999Z,FALSE,FALSE,FALSE,TRUE,12
2025-05-27T13:00:26.563999Z,FALSE,FALSE,FALSE,TRUE,12
2025-05-27T13:00:36.997999Z,FALSE,FALSE,TRUE,FALSE,4.482999999934691
2025-05-27T13:00:37.000000Z,FALSE,FALSE,TRUE,FALSE,38.124999999956344
2025-05-27T13:00:39.359999Z,FALSE,FALSE,FALSE,TRUE,6.75
2025-05-27T13:00:39.361000Z,FALSE,FALSE,FALSE,TRUE,18.138000000006286
2025-05-27T13:00:39.361999Z,FALSE,FALSE,FALSE,TRUE,125.2680000001128
2025-05-27T13:00:39.362999Z,FALSE,FALSE,TRUE,FALSE,125.77500000009604
2025-05-27T13:00:39.364000Z,FALSE,FALSE,TRUE,FALSE,142.29300000007788
2025-05-27T13:00:40.634000Z,FALSE,TRUE,FALSE,FALSE,0
2025-05-27T13:00:40.634999Z,FALSE,TRUE,FALSE,FALSE,31
2025-05-27T13:00:40.635999Z,FALSE,TRUE,FALSE,FALSE,44.5
2025-05-27T13:00:41.953000Z,FALSE,TRUE,FALSE,FALSE,0
2025-05-27T13:00:41.953999Z,FALSE,TRUE,FALSE,FALSE,8.30899999999383
2025-05-27T13:00:43.742000Z,FALSE,TRUE,FALSE,FALSE,77.76599999947939
2025-05-27T13:00:43.743000Z,FALSE,TRUE,FALSE,FALSE,77.76599999947939
2025-05-27T13:00:43.743999Z,FALSE,TRUE,FALSE,FALSE,77.76599999947939
2025-05-27T13:00:43.744999Z,TRUE,TRUE,FALSE,FALSE,78.27599999947415
2025-05-27T13:00:44.911999Z,TRUE,TRUE,FALSE,FALSE,0
2025-05-27T13:00:44.913000Z,TRUE,TRUE,FALSE,FALSE,56.24799999999232
2025-05-27T13:00:44.914000Z,TRUE,TRUE,FALSE,FALSE,56.24799999999232
2025-05-27T13:00:59.259000Z,FALSE,TRUE,FALSE,FALSE,0
2025-05-27T13:00:59.259999Z,FALSE,TRUE,FALSE,FALSE,97.66399999993155
2025-05-27T13:00:59.260999Z,FALSE,TRUE,FALSE,FALSE,98.3399999999092
2025-05-27T13:01:08.007999Z,FALSE,TRUE,FALSE,FALSE,0
2025-05-27T13:01:08.009000Z,FALSE,TRUE,FALSE,FALSE,418.55999999970663
2025-05-27T13:01:08.009999Z,FALSE,TRUE,FALSE,FALSE,418.55999999970663
2025-05-27T13:01:08.012000Z,TRUE,FALSE,FALSE,FALSE,418.55999999970663
2025-05-27T13:02:12.325000Z,FALSE,FALSE,FALSE,TRUE,0
2025-05-27T13:02:12.325999Z,FALSE,FALSE,FALSE,TRUE,113.46499999999651
2025-05-27T13:02:12.326999Z,FALSE,FALSE,FALSE,TRUE,114.99499999998079
2025-05-27T13:02:55.846999Z,FALSE,TRUE,FALSE,FALSE,20.47599999999511
2025-05-27T13:02:55.848000Z,FALSE,TRUE,FALSE,FALSE,667.597999999969
2025-05-27T13:02:55.851000Z,TRUE,FALSE,FALSE,FALSE,667.597999999969
2025-05-27T13:03:02.815999Z,FALSE,TRUE,FALSE,FALSE,27
2025-05-27T13:03:02.816999Z,FALSE,TRUE,FALSE,FALSE,27
2025-05-27T13:03:02.818000Z,FALSE,TRUE,FALSE,FALSE,104.80499999999302
2025-05-27T13:03:03.973999Z,FALSE,FALSE,FALSE,TRUE,0
2025-05-27T13:03:03.974999Z,FALSE,FALSE,FALSE,TRUE,6.543000000005122
2025-05-27T13:03:03.976000Z,FALSE,FALSE,FALSE,TRUE,6.543000000005122
2025-05-27T13:03:07.658999Z,FALSE,TRUE,FALSE,FALSE,0
2025-05-27T13:03:07.661000Z,FALSE,TRUE,FALSE,FALSE,0.33999999999650754
2025-05-27T13:03:11.446000Z,FALSE,TRUE,FALSE,FALSE,0
2025-05-27T13:03:11.447000Z,FALSE,TRUE,FALSE,FALSE,27
2025-05-27T13:03:11.447999Z,FALSE,TRUE,FALSE,FALSE,27
2025-05-27T13:03:11.448999Z,FALSE,TRUE,FALSE,FALSE,27
2025-05-27T13:03:35.471999Z,FALSE,TRUE,FALSE,FALSE,0
2025-05-27T13:03:35.473000Z,FALSE,TRUE,FALSE,FALSE,21.42599999997765
2025-05-27T13:03:35.473999Z,FALSE,TRUE,FALSE,FALSE,27.770999999906053
2025-05-27T13:03:35.476000Z,TRUE,FALSE,FALSE,FALSE,27.770999999906053
2025-05-27T13:03:39.006000Z,FALSE,TRUE,FALSE,FALSE,105.24399999991874
2025-05-27T13:03:39.006999Z,FALSE,TRUE,FALSE,FALSE,114.72199999992154
2025-05-27T13:03:39.007999Z,FALSE,TRUE,FALSE,FALSE,114.72199999992154
2025-05-27T13:03:39.009000Z,TRUE,FALSE,FALSE,FALSE,126.04399999992165
2025-05-27T13:04:14.135999Z,FALSE,FALSE,FALSE,TRUE,0
2025-05-27T13:04:14.138000Z,FALSE,FALSE,FALSE,TRUE,25.199999999982538
2025-05-27T13:04:29.822999Z,FALSE,FALSE,FALSE,TRUE,1.246000000013737
2025-05-27T13:04:29.823999Z,FALSE,FALSE,FALSE,TRUE,1.246000000013737
2025-05-27T13:04:29.825000Z,FALSE,FALSE,FALSE,TRUE,1.4460000000108266
2025-05-27T13:04:33.148999Z,FALSE,TRUE,FALSE,FALSE,0
2025-05-27T13:04:33.151000Z,FALSE,TRUE,FALSE,FALSE,0
2025-05-27T13:07:51.220999Z,FALSE,FALSE,FALSE,TRUE,213.80299999998533
2025-05-27T13:07:51.221999Z,FALSE,FALSE,FALSE,TRUE,213.80299999998533
2025-05-27T13:08:40.849999Z,FALSE,FALSE,TRUE,FALSE,0
2025-05-27T13:08:42.273000Z,FALSE,FALSE,FALSE,TRUE,0
2025-05-27T13:08:42.421999Z,FALSE,FALSE,FALSE,TRUE,0
2025-05-27T13:08:42.456000Z,FALSE,FALSE,FALSE,TRUE,0
2025-05-27T13:08:42.687999Z,FALSE,FALSE,FALSE,TRUE,0
2025-05-27T13:08:42.849999Z,FALSE,FALSE,FALSE,TRUE,0
2025-05-27T13:08:42.851999Z,FALSE,FALSE,FALSE,TRUE,0
2025-05-27T13:08:42.954999Z,FALSE,FALSE,FALSE,TRUE,4.5460000000020955
2025-05-27T13:08:43.615999Z,FALSE,FALSE,TRUE,FALSE,6.75
2025-05-27T13:08:43.618000Z,FALSE,FALSE,TRUE,FALSE,14.498999999996158
2025-05-27T13:08:43.642999Z,FALSE,FALSE,FALSE,TRUE,0
2025-05-27T13:08:43.723999Z,FALSE,FALSE,FALSE,TRUE,0
2025-05-27T13:08:43.746000Z,FALSE,FALSE,FALSE,TRUE,0
2025-05-27T13:08:43.786000Z,FALSE,FALSE,FALSE,TRUE,0
2025-05-27T13:08:43.786999Z,FALSE,FALSE,FALSE,TRUE,0
2025-05-27T13:08:43.832999Z,FALSE,FALSE,FALSE,TRUE,0
2025-05-27T13:08:43.835000Z,FALSE,FALSE,FALSE,TRUE,0
2025-05-27T13:08:43.855999Z,FALSE,FALSE,FALSE,TRUE,1.1190000000060536
2025-05-27T13:08:44.266000Z,FALSE,FALSE,FALSE,TRUE,0
2025-05-27T13:08:44.582000Z,FALSE,FALSE,FALSE,TRUE,0
2025-05-27T13:08:44.582999Z,FALSE,FALSE,FALSE,TRUE,0.16899999999441206
2025-05-27T13:08:44.628000Z,TRUE,FALSE,FALSE,FALSE,54.83400000000256
2025-05-27T13:08:44.628999Z,TRUE,FALSE,FALSE,FALSE,54.83400000000256
2025-05-27T13:08:44.842999Z,FALSE,TRUE,FALSE,FALSE,6.394000000000233
2025-05-27T13:08:44.845000Z,FALSE,TRUE,FALSE,FALSE,6.394000000000233
2025-05-27T13:08:45.098000Z,FALSE,TRUE,FALSE,FALSE,0
2025-05-27T13:08:45.099999Z,FALSE,TRUE,FALSE,FALSE,0.22500000000582077
2025-05-27T13:08:45.167000Z,FALSE,TRUE,FALSE,FALSE,0
2025-05-27T13:08:45.651000Z,FALSE,FALSE,FALSE,TRUE,1.437999999994645
2025-05-27T13:08:45.686000Z,FALSE,TRUE,FALSE,FALSE,6.399999999994179
2025-05-27T13:08:45.700999Z,FALSE,FALSE,FALSE,TRUE,0
2025-05-27T13:08:45.726999Z,FALSE,TRUE,FALSE,FALSE,0
2025-05-27T13:08:45.765000Z,FALSE,TRUE,FALSE,FALSE,0
2025-05-27T13:08:45.838000Z,FALSE,FALSE,FALSE,TRUE,0
2025-05-27T13:08:45.842000Z,FALSE,TRUE,FALSE,FALSE,0
2025-05-27T13:08:45.842999Z,FALSE,TRUE,FALSE,FALSE,1
2025-05-27T13:08:45.844000Z,FALSE,TRUE,FALSE,FALSE,1
2025-05-27T13:08:45.845999Z,FALSE,TRUE,FALSE,FALSE,1
2025-05-27T13:08:45.865000Z,FALSE,FALSE,FALSE,TRUE,0
2025-05-27T13:08:45.865999Z,FALSE,FALSE,FALSE,TRUE,14.208000000013271
2025-05-27T13:08:45.867000Z,FALSE,FALSE,FALSE,TRUE,21.61500000001979
2025-05-27T13:08:46.065000Z,FALSE,FALSE,FALSE,TRUE,0
2025-05-27T13:08:46.345999Z,FALSE,FALSE,FALSE,TRUE,0
2025-05-27T13:08:46.348000Z,FALSE,FALSE,FALSE,TRUE,8.665999999997439
2025-05-27T13:08:46.464999Z,FALSE,FALSE,FALSE,TRUE,6.394000000000233
2025-05-27T13:08:46.558000Z,FALSE,TRUE,FALSE,FALSE,0.22500000000582077
2025-05-27T13:08:46.559000Z,FALSE,TRUE,FALSE,FALSE,0.22500000000582077
2025-05-27T13:08:46.573999Z,FALSE,FALSE,FALSE,TRUE,0
2025-05-27T13:08:46.637000Z,FALSE,FALSE,FALSE,TRUE,0.22500000000582077
2025-05-27T13:08:46.638000Z,FALSE,FALSE,FALSE,TRUE,14.423999999999069
2025-05-27T13:08:46.638999Z,FALSE,FALSE,FALSE,TRUE,14.198999999993248
2025-05-27T13:08:46.690000Z,FALSE,FALSE,FALSE,TRUE,0
2025-05-27T13:08:46.690999Z,FALSE,FALSE,FALSE,TRUE,0
2025-05-27T13:08:46.691999Z,FALSE,FALSE,FALSE,TRUE,3.353000000002794
2025-05-27T13:08:46.713999Z,FALSE,FALSE,FALSE,TRUE,0
2025-05-27T13:08:46.888999Z,FALSE,TRUE,FALSE,FALSE,0
2025-05-27T13:08:46.924000Z,FALSE,TRUE,FALSE,FALSE,0
2025-05-27T13:08:46.924999Z,FALSE,TRUE,FALSE,FALSE,0
2025-05-27T13:08:46.926000Z,FALSE,TRUE,FALSE,FALSE,6.75
2025-05-27T13:08:47.494999Z,FALSE,TRUE,FALSE,FALSE,0
2025-05-27T13:08:47.989000Z,FALSE,FALSE,FALSE,TRUE,0
2025-05-27T13:08:47.996000Z,FALSE,FALSE,FALSE,TRUE,6.75
2025-05-27T13:08:47.996999Z,FALSE,FALSE,FALSE,TRUE,19.85000000000582
2025-05-27T13:08:47.997999Z,FALSE,FALSE,FALSE,TRUE,19.85000000000582
2025-05-27T13:08:48.058000Z,FALSE,FALSE,FALSE,TRUE,0
2025-05-27T13:08:48.059999Z,FALSE,FALSE,FALSE,TRUE,0
2025-05-27T13:08:49.459000Z,FALSE,FALSE,FALSE,TRUE,0
2025-05-27T13:08:49.460999Z,FALSE,FALSE,FALSE,TRUE,0
2025-05-27T13:08:49.470000Z,FALSE,FALSE,FALSE,TRUE,0
2025-05-27T13:08:49.471999Z,FALSE,FALSE,FALSE,TRUE,1.5380000000004657
2025-05-27T13:08:51.211999Z,FALSE,TRUE,FALSE,FALSE,0
2025-05-27T13:08:51.619999Z,FALSE,TRUE,FALSE,FALSE,0
2025-05-27T13:08:51.621999Z,FALSE,TRUE,FALSE,FALSE,0
2025-05-27T13:08:53.335000Z,FALSE,FALSE,FALSE,TRUE,10.930999999996857
2025-05-27T13:08:53.335999Z,FALSE,FALSE,FALSE,TRUE,10.930999999996857
2025-05-27T13:08:53.336999Z,FALSE,FALSE,FALSE,TRUE,11.268999999985681
2025-05-27T13:08:53.394000Z,FALSE,FALSE,FALSE,TRUE,0
2025-05-27T13:08:53.394999Z,FALSE,FALSE,FALSE,TRUE,6.75
2025-05-27T13:08:53.395999Z,FALSE,FALSE,FALSE,TRUE,7.25
2025-05-27T13:08:54.792999Z,FALSE,FALSE,FALSE,TRUE,0
2025-05-27T13:08:54.795000Z,FALSE,FALSE,FALSE,TRUE,0
2025-05-27T13:08:55.427000Z,FALSE,TRUE,FALSE,FALSE,2.926999999996042
2025-05-27T13:08:57.269999Z,FALSE,FALSE,TRUE,FALSE,81.82200000001467
2025-05-27T13:09:03.005000Z,FALSE,FALSE,TRUE,FALSE,18.17300000000978
2025-05-27T13:09:03.006999Z,FALSE,FALSE,TRUE,FALSE,18.17300000000978
2025-05-27T13:09:03.007999Z,FALSE,FALSE,TRUE,FALSE,18.17300000000978
2025-05-27T13:09:29.959000Z,FALSE,FALSE,FALSE,TRUE,0
2025-05-27T13:09:30.516999Z,FALSE,TRUE,FALSE,FALSE,0
2025-05-27T13:09:30.517999Z,FALSE,TRUE,FALSE,FALSE,2.0160000000614673
2025-05-27T13:09:30.519000Z,FALSE,TRUE,FALSE,FALSE,2.0160000000614673
2025-05-27T13:09:30.520999Z,FALSE,TRUE,FALSE,FALSE,2.0160000000614673
2025-05-27T13:09:39.242000Z,FALSE,FALSE,FALSE,TRUE,0
2025-05-27T13:09:39.243999Z,FALSE,FALSE,FALSE,TRUE,1.8019999999960419
2025-05-27T13:09:39.244999Z,FALSE,FALSE,FALSE,TRUE,1.8019999999960419
2025-05-27T13:09:42.901000Z,FALSE,TRUE,FALSE,FALSE,6
2025-05-27T13:09:50.101000Z,FALSE,FALSE,FALSE,TRUE,147.99199999996927
2025-05-27T13:09:50.101999Z,FALSE,FALSE,FALSE,TRUE,147.99199999996927
2025-05-27T13:09:50.102999Z,FALSE,FALSE,FALSE,TRUE,147.99199999996927
2025-05-27T13:10:10.974999Z,FALSE,FALSE,FALSE,TRUE,0
2025-05-27T13:10:10.976000Z,FALSE,FALSE,FALSE,TRUE,0
2025-05-27T13:10:17.538000Z,FALSE,FALSE,FALSE,TRUE,0
2025-05-27T13:10:17.539000Z,FALSE,FALSE,FALSE,TRUE,242.61600000000908
2025-05-27T13:10:17.539999Z,FALSE,FALSE,TRUE,TRUE,242.61600000000908
2025-05-27T13:10:17.540999Z,FALSE,FALSE,TRUE,TRUE,242.61600000000908
2025-05-27T13:10:17.542000Z,FALSE,FALSE,TRUE,FALSE,242.61600000000908
2025-05-27T13:11:12.190999Z,FALSE,TRUE,FALSE,FALSE,6.75
2025-05-27T13:11:12.191999Z,FALSE,TRUE,FALSE,FALSE,285.36599999992177
2025-05-27T13:11:12.193000Z,FALSE,TRUE,FALSE,FALSE,285.36599999992177
2025-05-27T13:11:12.194999Z,FALSE,TRUE,FALSE,FALSE,340.70999999996275
2025-05-27T13:11:34.809000Z,FALSE,FALSE,FALSE,TRUE,0
2025-05-27T13:11:34.811000Z,FALSE,FALSE,FALSE,TRUE,0
2025-05-27T13:12:22.563999Z,TRUE,FALSE,FALSE,FALSE,59.39600000003702
2025-05-27T13:12:24.016000Z,FALSE,FALSE,FALSE,TRUE,155.12999999997555
2025-05-27T13:12:24.016999Z,FALSE,FALSE,FALSE,TRUE,175.65899999999965
2025-05-27T13:12:24.017999Z,FALSE,FALSE,FALSE,TRUE,175.65899999999965
2025-05-27T13:12:32.052000Z,FALSE,FALSE,FALSE,TRUE,0
2025-05-27T13:12:32.052999Z,FALSE,FALSE,FALSE,TRUE,30.956000000005588
2025-05-27T13:12:32.053999Z,FALSE,FALSE,FALSE,TRUE,30.956000000005588
2025-05-27T13:13:05.653000Z,FALSE,TRUE,FALSE,FALSE,0
2025-05-27T13:13:05.660000Z,FALSE,TRUE,FALSE,FALSE,13.5
2025-05-27T13:13:05.661000Z,FALSE,TRUE,FALSE,FALSE,39.580000000001746
2025-05-27T13:13:05.661999Z,FALSE,TRUE,FALSE,FALSE,40.03000000001339
2025-05-27T13:13:05.664000Z,FALSE,TRUE,FALSE,FALSE,58.19800000001851
2025-05-27T13:13:05.665999Z,FALSE,TRUE,FALSE,FALSE,58.19800000001851
2025-05-27T13:13:05.674000Z,TRUE,FALSE,FALSE,FALSE,0
2025-05-27T13:13:05.674999Z,TRUE,FALSE,FALSE,FALSE,0
2025-05-27T13:13:05.676000Z,TRUE,FALSE,FALSE,FALSE,0
2025-05-27T13:13:05.698999Z,TRUE,FALSE,FALSE,FALSE,0
2025-05-27T13:13:06.078000Z,FALSE,TRUE,FALSE,FALSE,17.29199999998673
2025-05-27T13:13:06.078999Z,FALSE,TRUE,FALSE,FALSE,24.04199999998673
2025-05-27T13:13:06.079999Z,FALSE,TRUE,FALSE,FALSE,24.04199999998673
2025-05-27T13:13:06.082000Z,TRUE,TRUE,FALSE,FALSE,61.184000000022934
2025-05-27T13:13:06.082999Z,TRUE,TRUE,FALSE,FALSE,86.99900000002526
2025-05-27T13:13:06.084000Z,FALSE,TRUE,FALSE,FALSE,192.1430000000546
2025-05-27T13:13:06.085999Z,TRUE,FALSE,FALSE,FALSE,192.1430000000546
2025-05-27T13:13:06.086999Z,TRUE,FALSE,FALSE,FALSE,235.10300000004645
2025-05-27T13:13:06.743000Z,FALSE,TRUE,FALSE,FALSE,0
2025-05-27T13:13:06.743999Z,FALSE,TRUE,FALSE,FALSE,0
2025-05-27T13:13:06.744999Z,FALSE,TRUE,FALSE,FALSE,23.148000000001048
2025-05-27T13:13:06.749000Z,FALSE,TRUE,FALSE,FALSE,97.2390000000014
2025-05-27T13:13:27.374000Z,FALSE,FALSE,FALSE,TRUE,0
2025-05-27T13:13:27.375000Z,FALSE,FALSE,FALSE,TRUE,122.5
2025-05-27T13:13:27.375999Z,FALSE,FALSE,FALSE,TRUE,122.5
2025-05-27T13:13:50.825000Z,FALSE,TRUE,FALSE,FALSE,104.65600000001723
2025-05-27T13:13:50.825999Z,FALSE,TRUE,FALSE,FALSE,184.46800000003714
2025-05-27T13:13:50.826999Z,FALSE,TRUE,FALSE,FALSE,184.46800000003714
2025-05-27T13:13:50.829999Z,TRUE,FALSE,FALSE,FALSE,184.63700000003155
2025-05-27T13:17:49.618999Z,FALSE,FALSE,FALSE,TRUE,8
2025-05-27T13:17:49.619999Z,FALSE,FALSE,FALSE,TRUE,8.506999999983236
2025-05-27T13:17:49.621000Z,FALSE,FALSE,FALSE,TRUE,8.506999999983236
2025-05-27T13:19:56.403000Z,FALSE,FALSE,TRUE,FALSE,21.846999999994296
2025-05-27T13:19:56.404000Z,FALSE,FALSE,TRUE,FALSE,21.846999999994296
2025-05-27T13:19:56.404999Z,FALSE,FALSE,TRUE,FALSE,21.846999999994296
2025-05-27T13:19:56.405999Z,FALSE,FALSE,TRUE,FALSE,21.846999999994296
2025-05-27T13:20:28.812000Z,FALSE,FALSE,FALSE,TRUE,176.37300000003597
2025-05-27T13:20:28.812999Z,FALSE,FALSE,TRUE,FALSE,385.2569999999687
2025-05-27T13:20:28.813999Z,FALSE,FALSE,TRUE,TRUE,392.4569999998639
2025-05-27T13:20:28.815000Z,FALSE,FALSE,TRUE,FALSE,523.2569999998959
2025-05-27T13:20:28.815999Z,FALSE,FALSE,FALSE,TRUE,525.0569999999134
2025-05-27T13:20:28.868000Z,FALSE,FALSE,FALSE,TRUE,262.1549999999406
2025-05-27T13:20:28.869999Z,FALSE,FALSE,FALSE,TRUE,442.34699999997974
2025-05-27T13:20:28.878999Z,FALSE,FALSE,FALSE,TRUE,950.3489999997837
2025-05-27T13:20:28.890000Z,FALSE,FALSE,FALSE,TRUE,800.3599999995786
2025-05-27T13:20:28.891000Z,FALSE,FALSE,FALSE,TRUE,711.0919999995385
2025-05-27T13:20:28.894000Z,FALSE,FALSE,FALSE,TRUE,566.4499999996333
2025-05-27T13:20:29.267999Z,FALSE,FALSE,TRUE,FALSE,33.09999999997672
2025-05-27T13:20:29.269000Z,FALSE,FALSE,FALSE,TRUE,33.09999999997672
2025-05-27T13:20:29.558000Z,FALSE,FALSE,FALSE,TRUE,6.75
2025-05-27T13:20:29.559000Z,FALSE,FALSE,FALSE,TRUE,12
2025-05-27T13:20:29.559999Z,FALSE,FALSE,FALSE,TRUE,12
2025-05-27T13:20:29.957000Z,FALSE,TRUE,FALSE,FALSE,0.125
2025-05-27T13:20:29.957999Z,FALSE,TRUE,FALSE,FALSE,0.125
2025-05-27T13:20:29.959000Z,FALSE,TRUE,FALSE,FALSE,4.125
2025-05-27T13:20:29.970999Z,FALSE,TRUE,FALSE,FALSE,0
2025-05-27T13:20:29.971999Z,FALSE,TRUE,FALSE,FALSE,99.00899999990361
2025-05-27T13:20:29.973000Z,FALSE,TRUE,FALSE,FALSE,99.00899999990361
2025-05-27T13:20:29.976000Z,FALSE,TRUE,FALSE,FALSE,100.3409999999567
2025-05-27T13:20:30.171999Z,FALSE,TRUE,FALSE,FALSE,0
2025-05-27T13:20:30.173000Z,FALSE,TRUE,FALSE,FALSE,0
2025-05-27T13:20:30.174000Z,FALSE,TRUE,FALSE,FALSE,8.467999999935273
2025-05-27T13:20:30.180999Z,FALSE,FALSE,TRUE,FALSE,95.44499999994878
2025-05-27T13:20:30.183000Z,FALSE,FALSE,TRUE,FALSE,97.21899999995367
2025-05-27T13:20:30.203000Z,FALSE,FALSE,FALSE,TRUE,4.850000000005821
2025-05-27T13:20:30.203999Z,FALSE,FALSE,FALSE,TRUE,0.9480000000039581
2025-05-27T13:20:30.209000Z,FALSE,FALSE,FALSE,TRUE,6.304999999993015
2025-05-27T13:20:30.289999Z,FALSE,TRUE,FALSE,FALSE,1.018000000010943
2025-05-27T13:20:30.290999Z,FALSE,TRUE,FALSE,FALSE,0
2025-05-27T13:20:30.292000Z,FALSE,TRUE,FALSE,FALSE,45.73199999995995
2025-05-27T13:20:31.026000Z,FALSE,FALSE,FALSE,TRUE,0
2025-05-27T13:20:31.026999Z,FALSE,FALSE,FALSE,TRUE,150.5
2025-05-27T13:20:31.028000Z,FALSE,FALSE,FALSE,TRUE,8119.495999998064
2025-05-27T13:20:31.029000Z,FALSE,TRUE,TRUE,TRUE,11526.745999996085
2025-05-27T13:20:31.029999Z,FALSE,FALSE,TRUE,TRUE,11717.020999996923
2025-05-27T13:20:31.030999Z,FALSE,FALSE,TRUE,TRUE,13337.260999997845
2025-05-27T13:20:31.032000Z,FALSE,FALSE,TRUE,TRUE,13484.788999997778
2025-05-27T13:20:31.032999Z,FALSE,FALSE,TRUE,TRUE,13995.22099999804
2025-05-27T13:20:31.033999Z,FALSE,FALSE,TRUE,TRUE,17435.24499999662
2025-05-27T13:20:31.035000Z,FALSE,TRUE,TRUE,FALSE,25383.9329999967
2025-05-27T13:20:31.036000Z,FALSE,TRUE,TRUE,TRUE,26051.412999996915
2025-05-27T13:20:31.036999Z,FALSE,TRUE,TRUE,TRUE,29140.075999997236
2025-05-27T13:20:31.038000Z,FALSE,TRUE,TRUE,FALSE,21419.32799999861
2025-05-27T13:20:31.039000Z,FALSE,TRUE,TRUE,FALSE,18072.418000000733
2025-05-27T13:20:31.039999Z,FALSE,TRUE,TRUE,TRUE,17959.15100000004
2025-05-27T13:20:31.040999Z,FALSE,TRUE,TRUE,TRUE,16480.5509999996
2025-05-27T13:20:31.042000Z,FALSE,FALSE,TRUE,FALSE,16440.482999999687
2025-05-27T13:20:31.042999Z,FALSE,FALSE,TRUE,TRUE,16435.02299999949
2025-05-27T13:20:31.043999Z,FALSE,FALSE,TRUE,FALSE,13080.96700000114
2025-05-27T13:20:31.045000Z,FALSE,FALSE,TRUE,FALSE,5143.154000001028
2025-05-27T13:20:31.048000Z,TRUE,FALSE,FALSE,TRUE,1804.3530000015744
2025-05-27T13:20:31.049000Z,FALSE,FALSE,FALSE,TRUE,1768.799000001396
2025-05-27T13:20:31.055000Z,TRUE,FALSE,FALSE,FALSE,946.7940000004892
2025-05-27T13:20:31.055999Z,TRUE,FALSE,FALSE,FALSE,536.6399999998976
2025-05-27T13:20:31.059000Z,FALSE,FALSE,TRUE,FALSE,675.9999999999418
2025-05-27T13:20:31.059999Z,FALSE,FALSE,TRUE,TRUE,774.3319999998785
2025-05-27T13:20:31.062999Z,TRUE,FALSE,FALSE,FALSE,787.1379999998317
2025-05-27T13:20:31.063999Z,TRUE,FALSE,FALSE,FALSE,797.4849999998405
2025-05-27T13:20:31.065000Z,TRUE,FALSE,FALSE,FALSE,868.1710000000312
2025-05-27T13:20:31.069999Z,FALSE,FALSE,FALSE,TRUE,247.059000000183
2025-05-27T13:20:31.071000Z,FALSE,FALSE,FALSE,TRUE,269.2990000002319
2025-05-27T13:20:31.072000Z,FALSE,FALSE,FALSE,TRUE,216.99900000021444
2025-05-27T13:20:31.075999Z,FALSE,TRUE,TRUE,FALSE,127.27800000019488
2025-05-27T13:20:31.079999Z,FALSE,FALSE,TRUE,FALSE,660.0120000002207
2025-05-27T13:20:31.081000Z,FALSE,FALSE,TRUE,TRUE,1359.4879999996047
2025-05-27T13:20:31.082000Z,FALSE,FALSE,TRUE,TRUE,1389.6069999996398
2025-05-27T13:20:31.082999Z,FALSE,FALSE,TRUE,TRUE,1346.1489999995392
2025-05-27T13:20:31.084000Z,FALSE,FALSE,TRUE,FALSE,1377.268999999651
2025-05-27T13:20:31.088000Z,FALSE,FALSE,TRUE,FALSE,1056.265999999072
2025-05-27T13:20:31.092000Z,TRUE,FALSE,FALSE,FALSE,521.6709999993327
2025-05-27T13:20:31.092999Z,TRUE,FALSE,TRUE,FALSE,657.4389999991399
2025-05-27T13:20:31.094000Z,FALSE,FALSE,TRUE,FALSE,831.1669999987935
2025-05-27T13:20:31.095000Z,FALSE,FALSE,FALSE,TRUE,887.953999998892
2025-05-27T13:20:31.095999Z,FALSE,FALSE,FALSE,TRUE,938.7719999990368
2025-05-27T13:20:31.096999Z,FALSE,FALSE,FALSE,TRUE,845.0199999995239
2025-05-27T13:20:31.099999Z,FALSE,FALSE,TRUE,FALSE,1062.6960000003746
2025-05-27T13:20:31.101000Z,FALSE,FALSE,TRUE,FALSE,864.6180000005406
2025-05-27T13:20:31.101999Z,FALSE,FALSE,TRUE,TRUE,939.3760000006005
2025-05-27T13:20:31.102999Z,FALSE,FALSE,FALSE,TRUE,805.408000000898
2025-05-27T13:20:31.104000Z,FALSE,FALSE,FALSE,TRUE,607.1600000011676
2025-05-27T13:20:31.105000Z,FALSE,FALSE,FALSE,TRUE,523.6880000011006
2025-05-27T13:20:31.105999Z,FALSE,FALSE,FALSE,TRUE,430.33600000091246
2025-05-27T13:20:31.107000Z,FALSE,FALSE,FALSE,TRUE,457.12000000078115
2025-05-27T13:20:31.111000Z,FALSE,FALSE,FALSE,TRUE,144.77600000007078
2025-05-27T13:20:31.115999Z,TRUE,FALSE,FALSE,FALSE,102.57400000013877
2025-05-27T13:20:31.128999Z,FALSE,FALSE,TRUE,FALSE,182.43700000015087
2025-05-27T13:20:31.141999Z,FALSE,FALSE,TRUE,FALSE,7.710999999981141
2025-05-27T13:20:31.142999Z,FALSE,FALSE,TRUE,FALSE,7.710999999981141
2025-05-27T13:20:31.144000Z,FALSE,FALSE,TRUE,FALSE,7.710999999981141
2025-05-27T13:20:31.151000Z,FALSE,FALSE,TRUE,FALSE,63.29199999992852
2025-05-27T13:20:31.151999Z,FALSE,FALSE,TRUE,FALSE,57.40399999995134
2025-05-27T13:20:31.426000Z,TRUE,FALSE,FALSE,FALSE,131.74899999980698
2025-05-27T13:20:31.427000Z,TRUE,FALSE,FALSE,FALSE,131.74899999980698
2025-05-27T13:20:31.430000Z,TRUE,FALSE,FALSE,FALSE,249.28899999978603
2025-05-27T13:20:31.430999Z,TRUE,FALSE,FALSE,FALSE,248.79899999979534
2025-05-27T13:20:31.512000Z,FALSE,FALSE,TRUE,FALSE,93.65499999999884
2025-05-27T13:20:31.513000Z,FALSE,FALSE,TRUE,FALSE,163.4859999999171
2025-05-27T13:20:31.513999Z,FALSE,FALSE,TRUE,FALSE,362.1219999997411
2025-05-27T13:20:31.516000Z,FALSE,FALSE,FALSE,TRUE,561.6189999996859
2025-05-27T13:20:31.516999Z,FALSE,FALSE,FALSE,TRUE,561.6189999996859
2025-05-27T13:20:31.517999Z,FALSE,FALSE,FALSE,TRUE,561.6189999996859
2025-05-27T13:20:31.522000Z,FALSE,FALSE,FALSE,TRUE,470.1979999996547
2025-05-27T13:20:32.398999Z,TRUE,FALSE,FALSE,FALSE,46.70199999999022
2025-05-27T13:20:32.400000Z,TRUE,FALSE,FALSE,FALSE,46.70199999999022
2025-05-27T13:20:32.701999Z,FALSE,FALSE,TRUE,FALSE,191.61800000007497
2025-05-27T13:20:32.703000Z,FALSE,FALSE,FALSE,TRUE,191.61800000007497
2025-05-27T13:20:32.703999Z,FALSE,FALSE,TRUE,TRUE,191.61800000007497
2025-05-27T13:20:33.026999Z,FALSE,FALSE,FALSE,TRUE,0.3690000000060536
2025-05-27T13:20:33.028000Z,FALSE,FALSE,FALSE,TRUE,96.03899999981513
2025-05-27T13:20:33.029000Z,FALSE,FALSE,FALSE,TRUE,901.838999998814
2025-05-27T13:20:33.029999Z,FALSE,FALSE,TRUE,TRUE,5583.399000003061
2025-05-27T13:20:33.030999Z,FALSE,FALSE,TRUE,TRUE,5583.399000003061
2025-05-27T13:20:33.032000Z,FALSE,FALSE,TRUE,TRUE,5609.919000003079
2025-05-27T13:20:33.032999Z,FALSE,FALSE,TRUE,TRUE,5621.926000003121
2025-05-27T13:20:33.033999Z,FALSE,FALSE,TRUE,FALSE,5621.926000003121
2025-05-27T13:20:33.036000Z,FALSE,FALSE,TRUE,FALSE,5621.926000003121
2025-05-27T13:20:33.038000Z,FALSE,FALSE,TRUE,FALSE,5529.900000003254
2025-05-27T13:20:34.365000Z,FALSE,FALSE,FALSE,TRUE,0
2025-05-27T13:20:34.365999Z,FALSE,FALSE,FALSE,TRUE,0
2025-05-27T13:20:34.367000Z,FALSE,FALSE,FALSE,TRUE,0
2025-05-27T13:20:34.734999Z,FALSE,TRUE,FALSE,FALSE,0
2025-05-27T13:20:34.736000Z,FALSE,TRUE,FALSE,FALSE,0.16599999999743886
2025-05-27T13:20:34.736999Z,FALSE,TRUE,FALSE,FALSE,42.07600000000093
2025-05-27T13:20:35.040999Z,FALSE,TRUE,FALSE,FALSE,2.003999999840744
2025-05-27T13:20:35.119999Z,FALSE,TRUE,FALSE,FALSE,0
2025-05-27T13:20:36.319999Z,FALSE,TRUE,FALSE,FALSE,0
2025-05-27T13:20:36.321000Z,FALSE,TRUE,FALSE,FALSE,127.90399999998044
2025-05-27T13:20:36.322000Z,FALSE,TRUE,FALSE,FALSE,127.90399999998044
2025-05-27T13:20:36.326999Z,FALSE,TRUE,FALSE,FALSE,127.90399999998044
2025-05-27T13:20:44.082999Z,FALSE,FALSE,FALSE,TRUE,49.392000000108965
2025-05-27T13:20:49.026000Z,FALSE,FALSE,FALSE,TRUE,0
2025-05-27T13:20:49.026999Z,FALSE,FALSE,FALSE,TRUE,42.83399999997346
2025-05-27T13:20:49.028000Z,FALSE,FALSE,FALSE,TRUE,42.83399999997346
2025-05-27T13:20:49.266000Z,FALSE,TRUE,FALSE,FALSE,0
2025-05-27T13:20:49.266999Z,FALSE,TRUE,FALSE,FALSE,6.75
2025-05-27T13:20:49.267999Z,FALSE,TRUE,FALSE,FALSE,15.5
2025-05-27T13:20:57.374000Z,FALSE,TRUE,FALSE,FALSE,0
2025-05-27T13:20:57.375999Z,FALSE,TRUE,FALSE,FALSE,81
2025-05-27T13:21:12.167000Z,FALSE,TRUE,FALSE,FALSE,0
2025-05-27T13:21:12.167999Z,FALSE,TRUE,FALSE,FALSE,0
2025-05-27T13:21:12.168999Z,FALSE,TRUE,FALSE,FALSE,16
2025-05-27T13:21:17.733000Z,FALSE,TRUE,FALSE,FALSE,301.26599999988684
2025-05-27T13:21:17.733999Z,FALSE,TRUE,FALSE,FALSE,301.26599999988684
2025-05-27T13:21:17.734999Z,FALSE,TRUE,FALSE,FALSE,301.26599999988684
2025-05-27T13:21:17.736000Z,TRUE,FALSE,FALSE,FALSE,301.26599999988684
2025-05-27T13:21:18.585999Z,FALSE,TRUE,FALSE,FALSE,0
2025-05-27T13:21:18.586999Z,FALSE,TRUE,FALSE,FALSE,27.444000000017695
2025-05-27T13:21:18.588000Z,FALSE,TRUE,FALSE,FALSE,27.444000000017695
2025-05-27T13:21:23.404999Z,FALSE,TRUE,FALSE,FALSE,0
2025-05-27T13:21:23.407000Z,FALSE,TRUE,FALSE,FALSE,12
2025-05-27T13:21:58.023999Z,FALSE,TRUE,FALSE,FALSE,16
2025-05-27T13:22:01.644999Z,FALSE,FALSE,FALSE,TRUE,1.944999999977881
2025-05-27T13:22:01.645999Z,FALSE,FALSE,FALSE,TRUE,27.81999999997788
2025-05-27T13:22:01.647000Z,FALSE,FALSE,FALSE,TRUE,27.81999999997788
2025-05-27T13:22:01.648000Z,FALSE,FALSE,TRUE,FALSE,27.81999999997788
2025-05-27T13:22:01.650000Z,FALSE,FALSE,TRUE,FALSE,61.104999999981374
2025-05-27T13:22:08.355999Z,TRUE,FALSE,FALSE,FALSE,91.01400000002468
2025-05-27T13:22:08.358000Z,TRUE,FALSE,FALSE,FALSE,110.17499999990105
2025-05-27T13:22:22.250999Z,FALSE,FALSE,FALSE,TRUE,0
2025-05-27T13:22:22.252000Z,FALSE,FALSE,FALSE,TRUE,1.1149999999906868
2025-05-27T13:22:22.253000Z,FALSE,FALSE,FALSE,TRUE,1.1149999999906868
2025-05-27T13:22:31.128000Z,FALSE,FALSE,FALSE,TRUE,0
2025-05-27T13:22:31.130000Z,FALSE,FALSE,FALSE,TRUE,0.6000000000058208
2025-05-27T13:23:19.881000Z,TRUE,FALSE,FALSE,FALSE,7.864999999990687
2025-05-27T13:23:19.882999Z,TRUE,FALSE,FALSE,FALSE,7.864999999990687
2025-05-27T13:23:19.885999Z,FALSE,TRUE,FALSE,FALSE,12.26500000001397
2025-05-27T13:23:25.782999Z,FALSE,TRUE,FALSE,FALSE,36.8179999999702
2025-05-27T13:24:00.569000Z,FALSE,TRUE,FALSE,FALSE,31.3389999998617
2025-05-27T13:24:22.845999Z,FALSE,TRUE,FALSE,FALSE,43.75
2025-05-27T13:24:22.846999Z,FALSE,TRUE,FALSE,FALSE,43.75
2025-05-27T13:24:22.848000Z,FALSE,TRUE,FALSE,FALSE,43.75
2025-05-27T13:24:25.694000Z,FALSE,TRUE,FALSE,FALSE,33.32999999987078
2025-05-27T13:24:25.694999Z,FALSE,TRUE,FALSE,FALSE,84.25499999988824
2025-05-27T13:24:25.696000Z,FALSE,TRUE,FALSE,FALSE,84.25499999988824
2025-05-27T13:24:25.697000Z,TRUE,FALSE,FALSE,FALSE,190.9829999995418
2025-05-27T13:24:25.697999Z,TRUE,FALSE,FALSE,FALSE,190.9829999995418
2025-05-27T13:24:25.698999Z,TRUE,TRUE,FALSE,FALSE,241.03199999942444
2025-05-27T13:24:41.506999Z,FALSE,TRUE,FALSE,FALSE,0
2025-05-27T13:24:41.509000Z,FALSE,TRUE,FALSE,FALSE,12
2025-05-27T13:24:41.852999Z,FALSE,FALSE,FALSE,TRUE,0
2025-05-27T13:24:41.854000Z,FALSE,FALSE,FALSE,TRUE,0
2025-05-27T13:24:41.855000Z,FALSE,FALSE,FALSE,TRUE,10
2025-05-27T13:25:02.292000Z,FALSE,TRUE,FALSE,FALSE,0
2025-05-27T13:25:02.293999Z,FALSE,TRUE,FALSE,FALSE,16
2025-05-27T13:25:29.056999Z,FALSE,TRUE,FALSE,FALSE,0
2025-05-27T13:25:30.359999Z,FALSE,TRUE,FALSE,FALSE,0
2025-05-27T13:25:30.361000Z,FALSE,TRUE,FALSE,FALSE,21.983999999938533
2025-05-27T13:25:30.361999Z,FALSE,TRUE,FALSE,FALSE,21.983999999938533
2025-05-27T13:25:40.243000Z,FALSE,TRUE,FALSE,FALSE,0
2025-05-27T13:25:40.243999Z,FALSE,TRUE,FALSE,FALSE,37.275999999954365
2025-05-27T13:25:40.244999Z,FALSE,TRUE,FALSE,FALSE,37.275999999954365
2025-05-27T13:27:01.220000Z,FALSE,FALSE,FALSE,TRUE,0
2025-05-27T13:27:01.220999Z,FALSE,FALSE,FALSE,TRUE,33.11100000003353
2025-05-27T13:27:01.221999Z,FALSE,FALSE,FALSE,TRUE,33.11100000003353
2025-05-27T13:28:59.293999Z,FALSE,TRUE,FALSE,FALSE,0
2025-05-27T13:28:59.295000Z,FALSE,TRUE,FALSE,FALSE,186
2025-05-27T13:28:59.296000Z,FALSE,TRUE,FALSE,FALSE,186
2025-05-27T13:30:30.519000Z,FALSE,TRUE,FALSE,FALSE,0
2025-05-27T13:30:30.519999Z,FALSE,TRUE,FALSE,FALSE,0
2025-05-27T13:30:37.908999Z,FALSE,FALSE,FALSE,TRUE,0
2025-05-27T13:30:37.910000Z,FALSE,FALSE,FALSE,TRUE,4.3360000000102445
2025-05-27T13:30:37.911000Z,FALSE,FALSE,FALSE,TRUE,4.3360000000102445
2025-05-27T13:31:20.305999Z,FALSE,TRUE,FALSE,FALSE,0
2025-05-27T13:31:20.306999Z,FALSE,TRUE,FALSE,FALSE,35.23500000007334
2025-05-27T13:31:20.308000Z,FALSE,TRUE,FALSE,FALSE,36.13100000002305
2025-05-27T13:31:20.362999Z,FALSE,TRUE,FALSE,FALSE,0
2025-05-27T13:31:20.364000Z,FALSE,TRUE,FALSE,FALSE,0
2025-05-27T13:31:20.463000Z,FALSE,TRUE,FALSE,FALSE,0
2025-05-27T13:31:20.463999Z,FALSE,TRUE,FALSE,FALSE,0
2025-05-27T13:31:21.826999Z,TRUE,FALSE,FALSE,FALSE,10.960000000253785
2025-05-27T13:31:21.828000Z,TRUE,TRUE,FALSE,FALSE,14.872000000264961
2025-05-27T13:31:21.828999Z,FALSE,TRUE,FALSE,FALSE,14.872000000264961
2025-05-27T13:31:22.020999Z,FALSE,TRUE,FALSE,FALSE,0
2025-05-27T13:31:22.022000Z,FALSE,TRUE,FALSE,FALSE,26.25
2025-05-27T13:31:22.023000Z,FALSE,TRUE,FALSE,FALSE,26.25
2025-05-27T13:31:22.424999Z,FALSE,TRUE,FALSE,FALSE,0
2025-05-27T13:31:22.426000Z,FALSE,TRUE,FALSE,FALSE,174.1250000000582
2025-05-27T13:31:22.427000Z,FALSE,TRUE,FALSE,FALSE,174.1250000000582
2025-05-27T13:31:22.430000Z,FALSE,TRUE,FALSE,FALSE,174.1250000000582
2025-05-27T13:31:23.036000Z,TRUE,FALSE,FALSE,FALSE,69.19399999998859
2025-05-27T13:31:23.038000Z,TRUE,FALSE,FALSE,FALSE,69.19399999998859
2025-05-27T13:31:23.043999Z,FALSE,TRUE,FALSE,FALSE,2
2025-05-27T13:31:23.046000Z,FALSE,TRUE,FALSE,FALSE,2
2025-05-27T13:31:24.151000Z,FALSE,TRUE,FALSE,FALSE,0
2025-05-27T13:31:24.151999Z,FALSE,TRUE,FALSE,FALSE,0
2025-05-27T13:31:24.153000Z,FALSE,TRUE,FALSE,FALSE,0
2025-05-27T13:31:48.338999Z,FALSE,TRUE,FALSE,FALSE,0
2025-05-27T13:31:48.339999Z,FALSE,TRUE,FALSE,FALSE,444.69000000011874
2025-05-27T13:31:48.341000Z,FALSE,TRUE,FALSE,FALSE,444.69000000011874
2025-05-27T13:31:48.716000Z,TRUE,FALSE,FALSE,FALSE,21.31500000000233
2025-05-27T13:31:48.717000Z,TRUE,FALSE,FALSE,FALSE,21.31500000000233
2025-05-27T13:31:48.717999Z,TRUE,FALSE,FALSE,FALSE,26.115000000281725
2025-05-27T13:31:48.719000Z,FALSE,FALSE,TRUE,FALSE,26.115000000281725
2025-05-27T13:32:00.954999Z,FALSE,TRUE,FALSE,FALSE,10.888000000006286
2025-05-27T13:32:00.956000Z,FALSE,TRUE,FALSE,FALSE,17.638000000006286
2025-05-27T13:32:00.957000Z,FALSE,TRUE,FALSE,FALSE,20.797999999980675
2025-05-27T13:33:22.540999Z,FALSE,TRUE,FALSE,FALSE,0
2025-05-27T13:33:22.542000Z,FALSE,TRUE,FALSE,FALSE,61.25
2025-05-27T13:33:22.542999Z,FALSE,TRUE,FALSE,FALSE,61.25
2025-05-27T13:34:14.210999Z,FALSE,TRUE,FALSE,FALSE,0
2025-05-27T13:34:14.211999Z,FALSE,TRUE,FALSE,FALSE,8.75
2025-05-27T13:34:14.213000Z,FALSE,TRUE,FALSE,FALSE,8.75
2025-05-27T13:34:46.792000Z,FALSE,FALSE,FALSE,TRUE,0
2025-05-27T13:34:46.793999Z,FALSE,FALSE,FALSE,TRUE,20.756999999983236
2025-05-27T13:35:10.848000Z,FALSE,TRUE,FALSE,FALSE,0
2025-05-27T13:35:10.848999Z,FALSE,TRUE,FALSE,FALSE,6.75
2025-05-27T13:35:10.849999Z,FALSE,TRUE,FALSE,FALSE,63.07799999997951
2025-05-27T13:36:26.589999Z,FALSE,TRUE,FALSE,FALSE,3.228000000002794
2025-05-27T13:36:26.591000Z,FALSE,TRUE,FALSE,FALSE,3.228000000002794
2025-05-27T13:36:28.312000Z,FALSE,TRUE,FALSE,FALSE,94.25
2025-05-27T13:36:28.312999Z,FALSE,TRUE,FALSE,FALSE,94.25
2025-05-27T13:36:28.313999Z,FALSE,TRUE,FALSE,FALSE,94.25
2025-05-27T13:36:46.252000Z,FALSE,FALSE,FALSE,TRUE,542.7489999998943
2025-05-27T13:36:46.253000Z,FALSE,FALSE,FALSE,TRUE,1050.157000000414
2025-05-27T13:36:46.253999Z,FALSE,FALSE,FALSE,TRUE,1050.157000000414
2025-05-27T13:36:46.256000Z,FALSE,FALSE,TRUE,FALSE,1050.157000000414
2025-05-27T13:37:40.184999Z,FALSE,FALSE,FALSE,TRUE,0
2025-05-27T13:37:40.186000Z,FALSE,FALSE,FALSE,TRUE,4.00099999998929
2025-05-27T13:37:40.187000Z,FALSE,FALSE,FALSE,TRUE,16.654999999969732
2025-05-27T13:38:30.315000Z,FALSE,TRUE,FALSE,FALSE,0
2025-05-27T13:38:30.315999Z,FALSE,TRUE,FALSE,FALSE,0
2025-05-27T13:38:30.316999Z,FALSE,TRUE,FALSE,FALSE,27
2025-05-27T13:39:59.038000Z,FALSE,FALSE,TRUE,FALSE,18.177999999956228
2025-05-27T13:39:59.039999Z,FALSE,FALSE,TRUE,FALSE,18.177999999956228
2025-05-27T13:39:59.040999Z,FALSE,FALSE,TRUE,FALSE,18.177999999956228
2025-05-27T13:41:36.038000Z,FALSE,TRUE,FALSE,FALSE,0
2025-05-27T13:41:36.039000Z,FALSE,TRUE,FALSE,FALSE,16.328999999997905
2025-05-27T13:41:36.039999Z,FALSE,TRUE,FALSE,FALSE,16.328999999997905
2025-05-27T13:41:36.040999Z,FALSE,TRUE,FALSE,FALSE,16.328999999997905
2025-05-27T13:42:53.545000Z,FALSE,TRUE,FALSE,FALSE,5.41900000028545
2025-05-27T13:42:53.546000Z,FALSE,TRUE,FALSE,FALSE,5.41900000028545
2025-05-27T13:43:46.308000Z,FALSE,TRUE,FALSE,FALSE,0
2025-05-27T13:43:46.309000Z,FALSE,TRUE,FALSE,FALSE,0
2025-05-27T13:43:46.309999Z,FALSE,TRUE,FALSE,FALSE,10.738000000012107
2025-05-27T13:44:43.148000Z,TRUE,FALSE,FALSE,FALSE,3.9750000000640284
2025-05-27T13:45:31.578000Z,TRUE,TRUE,FALSE,FALSE,54.262000000017
2025-05-27T13:45:31.579999Z,TRUE,TRUE,FALSE,FALSE,77.62100000001374
2025-05-27T13:45:31.581000Z,FALSE,FALSE,TRUE,TRUE,86.42099999988568
2025-05-27T13:45:31.582000Z,FALSE,FALSE,TRUE,TRUE,129.43499999985215
2025-05-27T13:45:31.582999Z,FALSE,FALSE,FALSE,TRUE,129.43499999985215
2025-05-27T13:45:45.392999Z,FALSE,TRUE,FALSE,FALSE,0
2025-05-27T13:45:45.394999Z,FALSE,TRUE,FALSE,FALSE,2
2025-05-27T13:47:16.262000Z,FALSE,FALSE,TRUE,FALSE,176.11300000007031
2025-05-27T13:48:25.687999Z,FALSE,TRUE,FALSE,FALSE,0
2025-05-27T13:48:25.690000Z,FALSE,TRUE,FALSE,FALSE,268.50000000034925
2025-05-27T13:49:11.204999Z,FALSE,FALSE,FALSE,TRUE,3.6490000000048894
2025-05-27T13:49:11.206000Z,FALSE,FALSE,FALSE,TRUE,30.64900000000489
2025-05-27T13:49:11.207000Z,FALSE,FALSE,FALSE,TRUE,33.360999999946216
2025-05-27T13:49:11.210999Z,FALSE,FALSE,TRUE,TRUE,202.26500000004307
2025-05-27T13:49:11.211999Z,FALSE,FALSE,TRUE,TRUE,229.26500000004307
2025-05-27T13:49:19.526999Z,FALSE,TRUE,FALSE,FALSE,0
2025-05-27T13:49:19.528000Z,FALSE,TRUE,FALSE,FALSE,15.796000000002095
2025-05-27T13:49:19.529000Z,FALSE,TRUE,FALSE,FALSE,39.796000000002095
2025-05-27T13:49:41.334000Z,TRUE,FALSE,FALSE,FALSE,6.908000000054017
2025-05-27T13:49:41.335999Z,TRUE,FALSE,FALSE,FALSE,6.908000000054017
2025-05-27T13:49:41.336999Z,TRUE,FALSE,FALSE,FALSE,6.908000000054017
2025-05-27T13:49:41.339999Z,TRUE,FALSE,FALSE,FALSE,20.49500000005355
2025-05-27T13:51:02.311000Z,FALSE,TRUE,FALSE,FALSE,0
2025-05-27T13:51:02.312000Z,FALSE,TRUE,FALSE,FALSE,27
2025-05-27T13:51:02.312999Z,FALSE,TRUE,FALSE,FALSE,83.96000000019558
2025-05-27T13:51:02.313999Z,FALSE,TRUE,FALSE,FALSE,83.96000000019558
2025-05-27T13:51:24.025000Z,FALSE,TRUE,FALSE,FALSE,4.340000000025611
2025-05-27T13:51:24.026000Z,FALSE,TRUE,FALSE,FALSE,4.340000000025611
2025-05-27T13:51:24.026999Z,FALSE,TRUE,FALSE,FALSE,4.340000000025611
2025-05-27T13:51:27.733999Z,FALSE,TRUE,FALSE,FALSE,0
2025-05-27T13:51:27.734999Z,FALSE,TRUE,FALSE,FALSE,91.6260000000475
2025-05-27T13:51:27.736000Z,FALSE,TRUE,FALSE,FALSE,91.6260000000475
2025-05-27T13:51:31.510999Z,TRUE,FALSE,FALSE,FALSE,24.963000000017928
2025-05-27T13:51:31.513000Z,TRUE,FALSE,FALSE,FALSE,24.963000000017928
2025-05-27T13:52:05.190999Z,FALSE,FALSE,FALSE,TRUE,28.39000000001397
2025-05-27T13:52:05.191999Z,FALSE,FALSE,FALSE,TRUE,28.39000000001397
2025-05-27T13:52:38.497999Z,FALSE,FALSE,FALSE,TRUE,162
2025-05-27T13:52:38.499000Z,FALSE,FALSE,FALSE,TRUE,163.97399999998743
2025-05-27T13:52:38.500000Z,FALSE,FALSE,FALSE,TRUE,163.97399999998743
2025-05-27T13:53:20.030999Z,FALSE,FALSE,FALSE,TRUE,0
2025-05-27T13:53:20.032000Z,FALSE,FALSE,FALSE,TRUE,8.450000000011642
2025-05-27T13:53:20.032999Z,FALSE,FALSE,FALSE,TRUE,8.450000000011642
2025-05-27T13:53:42.961999Z,TRUE,FALSE,FALSE,FALSE,157.85500000003958
2025-05-27T13:53:57.762000Z,FALSE,TRUE,FALSE,FALSE,52.95999999996275
2025-05-27T13:53:57.763000Z,FALSE,TRUE,FALSE,FALSE,53.12899999995716
2025-05-27T13:54:04.575999Z,FALSE,TRUE,FALSE,FALSE,127.74399999994785
2025-05-27T13:54:04.576999Z,FALSE,TRUE,FALSE,FALSE,167.43399999971734
2025-05-27T13:56:09.880000Z,FALSE,FALSE,FALSE,TRUE,0
2025-05-27T13:56:09.881999Z,FALSE,FALSE,FALSE,TRUE,10
2025-05-27T13:56:09.882999Z,FALSE,FALSE,FALSE,TRUE,10
2025-05-27T13:56:44.338000Z,TRUE,FALSE,FALSE,FALSE,8.248999999981606
2025-05-27T13:56:44.339999Z,TRUE,FALSE,FALSE,FALSE,8.248999999981606
2025-05-27T13:57:12.618000Z,FALSE,FALSE,FALSE,TRUE,0
2025-05-27T13:57:12.618999Z,FALSE,FALSE,FALSE,TRUE,0
2025-05-27T13:57:12.619999Z,FALSE,FALSE,FALSE,TRUE,20
2025-05-27T13:59:09.260999Z,TRUE,TRUE,FALSE,FALSE,54.3640000000014
2025-05-27T13:59:09.262000Z,TRUE,TRUE,FALSE,FALSE,248.96400000032736
2025-05-27T13:59:09.263000Z,TRUE,TRUE,FALSE,FALSE,251.3130000004894
2025-05-27T13:59:09.263999Z,FALSE,FALSE,FALSE,TRUE,430.4040000005334
2025-05-27T13:59:09.265000Z,TRUE,TRUE,FALSE,FALSE,430.4040000005334
2025-05-27T13:59:09.266000Z,TRUE,FALSE,FALSE,FALSE,430.4040000005334
2025-05-27T13:59:09.266999Z,TRUE,FALSE,FALSE,FALSE,443.9880000005069
2025-05-27T13:59:09.267999Z,TRUE,FALSE,FALSE,FALSE,615.5160000007891
2025-05-27T13:59:09.318000Z,FALSE,TRUE,FALSE,FALSE,473.81999999989057
2025-05-27T13:59:09.319999Z,FALSE,TRUE,FALSE,FALSE,473.81999999989057
2025-05-27T13:59:09.321000Z,TRUE,FALSE,FALSE,FALSE,487.5199999999022
2025-05-27T13:59:09.323999Z,TRUE,TRUE,FALSE,FALSE,829.7020000001066
2025-05-27T13:59:09.325000Z,TRUE,TRUE,FALSE,FALSE,829.7020000001066
2025-05-27T13:59:09.325999Z,FALSE,TRUE,FALSE,FALSE,383.7220000003581
2025-05-27T13:59:09.326999Z,TRUE,FALSE,FALSE,FALSE,451.5640000003623
2025-05-27T13:59:09.328000Z,TRUE,FALSE,FALSE,FALSE,444.9940000002971
2025-05-27T13:59:09.328999Z,TRUE,FALSE,FALSE,FALSE,1117.178000000422
